@PREAMBLE{
 "\providecommand{\noopsort}[1]{}" 
 # "\providecommand{\singleletter}[1]{#1}" 
}

@article{cit:horodecki2013,
	title = {Fundamental limitations for quantum and nanoscale thermodynamics},
	volume = {4},
	issn = {2041-1723},
	url = {https://doi.org/10.1038/ncomms3059},
	doi = {10.1038/ncomms3059},
	pages = {2059},
	number = {1},
	journaltitle = {Nature Communications},
	shortjournal = {Nature Communications},
	author = {Horodecki, Michał and Oppenheim, Jonathan},
	date = {2013-06-26}
}

@book{cit:ash,
place={Cambridge}, 
title={Information Theory},
publisher={Dover Publications Inc.}, 
author={Ash, Robert}, 
year={1965}
}

@article{cit:gross,
  title = {Most Quantum States Are Too Entangled To Be Useful As Computational Resources},
  author = {Gross, D. and Flammia, S. T. and Eisert, J.},
  journal = {Phys. Rev. Lett.},
  volume = {102},
  issue = {19},
  pages = {190501},
  numpages = {4},
  year = {2009},
  month = {May},
  publisher = {American Physical Society},
  doi = {10.1103/PhysRevLett.102.190501},
  url = {https://link.aps.org/doi/10.1103/PhysRevLett.102.190501}
}

@article{cit:nest,
  title = {Universal Resources for Measurement-Based Quantum Computation},
  author = {Van den Nest, Maarten and Miyake, Akimasa and D\"ur, Wolfgang and Briegel, Hans J.},
  journal = {Phys. Rev. Lett.},
  volume = {97},
  issue = {15},
  pages = {150504},
  numpages = {4},
  year = {2006},
  month = {Oct},
  publisher = {American Physical Society},
  doi = {10.1103/PhysRevLett.97.150504},
  url = {https://link.aps.org/doi/10.1103/PhysRevLett.97.150504}
}

@article{cit:raussendorf,
  title = {A One-Way Quantum Computer},
  author = {Raussendorf{ }, Robert and Briegel, Hans J.},
  journal = {Phys. Rev. Lett.},
  volume = {86},
  issue = {22},
  pages = {5188--5191},
  numpages = {0},
  year = {2001},
  month = {May},
  publisher = {American Physical Society},
  doi = {10.1103/PhysRevLett.86.5188},
  url = {https://link.aps.org/doi/10.1103/PhysRevLett.86.5188}
}

@article{cit:gross2,
  title = {Novel Schemes for Measurement-Based Quantum Computation},
  author = {Gross{ }, D. and Eisert, J.},
  journal = {Phys. Rev. Lett.},
  volume = {98},
  issue = {22},
  pages = {220503},
  numpages = {4},
  year = {2007},
  month = {May},
  publisher = {American Physical Society},
  doi = {10.1103/PhysRevLett.98.220503},
  url = {https://link.aps.org/doi/10.1103/PhysRevLett.98.220503}
}

@article{cit:fujii,
  title = {Verifiable fault tolerance in measurement-based quantum computation},
  author = {Fujii{ }, Keisuke and Hayashi, Masahito},
  journal = {Phys. Rev. A},
  volume = {96},
  issue = {3},
  pages = {030301},
  numpages = {6},
  year = {2017},
  month = {Sep},
  publisher = {American Physical Society},
  doi = {10.1103/PhysRevA.96.030301},
  url = {https://link.aps.org/doi/10.1103/PhysRevA.96.030301}
}

@article{cit:preskill,
  doi = {10.22331/q-2018-08-06-79},
  url = {https://doi.org/10.22331/q-2018-08-06-79},
  title = {Quantum {C}omputing in the {NISQ} era and beyond},
  author = {Preskill, John},
  journal = {{Quantum}},
  issn = {2521-327X},
  publisher = {{Verein zur F{\"{o}}rderung des Open Access Publizierens in den Quantenwissenschaften}},
  volume = {2},
  pages = {79},
  month = aug,
  year = {2018}
}

@misc{cit:amaral,
      title={Resource Theory of Contextuality}, 
      author={Barbara Amaral},
      year={2019},
      eprint={1904.04182},
      archivePrefix={arXiv}
}

@article{cit:nest2,
  title = {Classical simulation versus universality in measurement-based quantum computation},
  author = {Van den Nest, M. and D\"ur, W. and Vidal, G. and Briegel, H. J.},
  journal = {Phys. Rev. A},
  volume = {75},
  issue = {1},
  pages = {012337},
  numpages = {15},
  year = {2007},
  month = {Jan},
  publisher = {American Physical Society},
  doi = {10.1103/PhysRevA.75.012337},
  url = {https://link.aps.org/doi/10.1103/PhysRevA.75.012337}
}

@article{cit:brandao,
  title = {Reversible Framework for Quantum Resource Theories},
  author = {Brand\~ao{ }, Fernando G. S. L. and Gour, Gilad},
  journal = {Phys. Rev. Lett.},
  volume = {115},
  issue = {7},
  pages = {070503},
  numpages = {5},
  year = {2015},
  month = {Aug},
  publisher = {American Physical Society},
  doi = {10.1103/PhysRevLett.115.070503},
  url = {https://link.aps.org/doi/10.1103/PhysRevLett.115.070503}
}

@ARTICLE{cit:horodecki,
       author = {{Horodecki{ }}, Michal and {Oppenheim}, Jonathan},
        title = "{(quantumness in the Context Of) Resource Theories}",
      journal = {International Journal of Modern Physics B},
     keywords = {Resource theories, entanglement, thermodynamics, noisy operations, discord, deficit, Quantum Physics},
         year = "2013",
        month = "Jan",
       volume = {27},
          eid = {1345019},
        pages = {1345019},
          doi = {10.1142/S0217979213450197}
}

@article{cit:sparaciari,
  doi = {10.22331/q-2020-04-30-259},
  url = {https://doi.org/10.22331/q-2020-04-30-259},
  title = {The first law of general quantum resource theories},
  author = {Sparaciari, Carlo and del Rio, L{\'{i}}dia and Scandolo, Carlo Maria and Faist, Philippe and Oppenheim, Jonathan},
  journal = {{Quantum}},
  issn = {2521-327X},
  publisher = {{Verein zur F{\"{o}}rderung des Open Access Publizierens in den Quantenwissenschaften}},
  volume = {4},
  pages = {259},
  month = apr,
  year = {2020}
}

@article{cit:regula,
	doi = {10.1088/1751-8121/aa9100},
	url = {https://doi.org/10.1088/1751-8121/aa9100},
	year = 2017,
	month = {dec},
	publisher = {{IOP} Publishing},
	volume = {51},
	number = {4},
	pages = {045303},
	author = {Bartosz Regula},
	title = {Convex geometry of quantum resource quantification},
	journal = {Journal of Physics A: Mathematical and Theoretical}
}

@article{cit:gottesman1998,
	title = {Fault-Tolerant Quantum Computation with	Higher-Dimensional Systems},
	author = {Daniel Gottesman},
	journal = {Chaos, Solitons \& Fractals},
	volume = {10},
	number = {10},
	pages = {1749-1758},
	year = {1999},
	issue = {0960-0779},
	doi = {https://doi.org/10.1016/S0960-0779(98)00218-5},
	url = {https://www.sciencedirect.com/science/article/pii/S0960077998002185}
}

@article{cit:kibler,
	doi = {10.1088/1751-8113/41/37/375302},
	url = {https://doi.org/10.1088/1751-8113/41/37/375302},
	year = 2008,
	month = {aug},
	publisher = {{IOP} Publishing},
	volume = {41},
	number = {37},
	pages = {375302},
	author = {Maurice R Kibler},
	title = {Variations on a theme of Heisenberg, Pauli and Weyl},
	journal = {Journal of Physics A: Mathematical and Theoretical}
}

@ARTICLE{cit:horodecki2,
  author = {{Horodecki{ }}, Michal and {Oppenheim}, Jonathan},
  title = "Fundamental limitations for quantum and nanoscale thermodynamics",
  journal = {Nature Communications},
  year = "2013",
  month = "Jun",
  volume = {4},
  publisher = {American Physical Society},
  doi = {10.1038/ncomms3059},
  url = {https://www.nature.com/articles/ncomms3059#supplementary-information}
}

@article{cit:gour,
  title = {Quantum majorization and a complete set of entropic conditions for quantum thermodynamics},
  author = {Gour, Gilad and Jennings, David and Buscemi, Francesco and Duan, Runyao and Marvian, Iman},
  journal = {Nature Communications},
  volume = {5352},
  issue = {9},
  year = {2018},
  month = {Dec},
  publisher = {Nature},
  doi = {10.1038/s41467-018-06261-7},
  url = {https://doi.org/10.1038/s41467-018-06261-7}
}

@article{Nielsen_1999,
  title = {Conditions for a Class of Entanglement Transformations},
  author = {Nielsen, M. A.},
  journal = {Phys. Rev. Lett.},
  volume = {83},
  issue = {2},
  pages = {436--439},
  numpages = {0},
  year = {1999},
  month = {Jul},
  publisher = {American Physical Society},
  doi = {10.1103/PhysRevLett.83.436},
  url = {https://link.aps.org/doi/10.1103/PhysRevLett.83.436}
}


@Article{cit:lenard,
author="Lenard, A.",
title="Thermodynamical proof of the Gibbs formula for elementary quantum systems",
journal="Journal of Statistical Physics",
year="1978",
month="Dec",
day="01",
volume="19",
number="6",
pages="575--586",
abstract="An elementary derivation is given of the formula for the thermal equilibrium states of quantum systems that can be described in finite-dimensional Hilbert spaces. The three assumptions made, Passivity, Structural Stability, and Consistency, have phenomenological interpretations. Except at zero temperature, Structural Stability follows already from Passivity and a weak form of Consistency.",
issn="1572-9613",
doi="10.1007/BF01011769",
url="https://doi.org/10.1007/BF01011769"
}



@article{cit:gour2,
  title = {The resource theory of informational nonequilibrium in thermodynamics},
  author = {Gour, Gilad and M{\"u}ller, Markus P. and Narasimhachar, Varun and Spekkens, Robert W. and Yunger Halpern, Nicole},
  journal = {Physics Reports},
  volume = {583},
  year = {2015},
  month = {Apr},
  doi = {https://doi.org/10.1016/j.physrep.2015.04.003},
  url = {https://doi.org/10.1016/j.physrep.2015.04.003}
}

@article{Gour_2019,
  title = {Quantum resource theories},
  author = {Chitambar, Eric and Gour, Gilad},
  journal = {Rev. Mod. Phys.},
  volume = {91},
  issue = {2},
  pages = {025001},
  numpages = {48},
  year = {2019},
  month = {Apr},
  publisher = {American Physical Society},
  doi = {10.1103/RevModPhys.91.025001},
  url = {https://link.aps.org/doi/10.1103/RevModPhys.91.025001}
}


@article{Horodecki_2003,
  title = {Reversible transformations from pure to mixed states and the unique measure of information},
  author = {Horodecki, Micha\l{} and Horodecki, Pawe\l{} and Oppenheim, Jonathan},
  journal = {Phys. Rev. A},
  volume = {67},
  issue = {6},
  pages = {062104},
  numpages = {9},
  year = {2003},
  month = {Jun},
  publisher = {American Physical Society},
  doi = {10.1103/PhysRevA.67.062104},
  url = {https://link.aps.org/doi/10.1103/PhysRevA.67.062104}
}

@article{Appleby_2005,
author = {Appleby, D. M. },
title = {Symmetric informationally complete–positive operator valued measures and the extended Clifford group},
journal = {Journal of Mathematical Physics},
volume = {46},
number = {5},
pages = {052107},
year = {2005},
doi = {10.1063/1.1896384},
URL = {https://doi.org/10.1063/1.1896384}
}

@article{Jones_2013,
  title = {Multilevel distillation of magic states for quantum computing},
  author = {Jones, Cody},
  journal = {Phys. Rev. A},
  volume = {87},
  issue = {4},
  pages = {042305},
  numpages = {8},
  year = {2013},
  month = {Apr},
  publisher = {American Physical Society},
  doi = {10.1103/PhysRevA.87.042305},
  url = {https://link.aps.org/doi/10.1103/PhysRevA.87.042305}
}


@article {Brandao_2015,
	author = {Brand{\~a}o, Fernando and Horodecki, Micha{\l} and Ng, Nelly and Oppenheim, Jonathan and Wehner, Stephanie},
	title = {The second laws of quantum thermodynamics},
	volume = {112},
	number = {11},
	pages = {3275--3279},
	year = {2015},
	doi = {10.1073/pnas.1411728112},
	publisher = {National Academy of Sciences},
	issn = {0027-8424},
	URL = {https://www.pnas.org/content/112/11/3275},
	eprint = {https://www.pnas.org/content/112/11/3275.full.pdf},
	journal = {Proceedings of the National Academy of Sciences}
}

@article{Goold_2016,
	doi = {10.1088/1751-8113/49/14/143001},
	url = {https://doi.org/10.1088/1751-8113/49/14/143001},
	year = 2016,
	month = {feb},
	publisher = {{IOP} Publishing},
	volume = {49},
	number = {14},
	pages = {143001},
	author = {John Goold and Marcus Huber and Arnau Riera and L{\'{\i}}dia del Rio and Paul Skrzypczyk},
	title = {The role of quantum information in thermodynamics{\textemdash}a topical review},
	journal = {Journal of Physics A: Mathematical and Theoretical}
}

@article{Vinjanampathy_2016,
author = {Sai Vinjanampathy and Janet Anders},
title = {Quantum thermodynamics},
journal = {Contemporary Physics},
volume = {57},
number = {4},
pages = {545-579},
year  = {2016},
publisher = {Taylor & Francis},
doi = {10.1080/00107514.2016.1201896},
url = {https://doi.org/10.1080/00107514.2016.1201896},
eprint = {https://doi.org/10.1080/00107514.2016.1201896}
}

@article{cit:lostaglio,
	doi = {10.1088/1361-6633/ab46e5},
	url = {https://doi.org/10.1088/1361-6633/ab46e5},
	year = {2019},
	month = {oct},
	publisher = {{IOP} Publishing},
	volume = {82},
	number = {11},
	pages = {114001},
	author = {Matteo Lostaglio},
	title = {An introductory review of the resource theory approach to thermodynamics},
	journal = {Reports on Progress in Physics}
}

@book{barnett_1997,
	title = {Methods in Theoretical Quantum Optics},
	isbn = {978-0-19-856362-4},
	url = {https://books.google.gr/books?id=Hp5z09gPmC8C},
	series = {Oxford science publications},
	publisher = {Clarendon Press},
	author = {Barnett, S. M. and Radmore, P. M.},
	date = {1997},
	lccn = {97013764}
}

@book{watrous_2018, 
	place={Cambridge}, 
	title={The Theory of Quantum Information}, 
	doi={10.1017/9781316848142}, 
	publisher={Cambridge University Press}, 
	author={Watrous, John}, year={2018}
}

@book{Pathria_1997,
	title = {Statistical Mechanics},
	isbn = {978-0-12-382188-1},
	url = {https://www.sciencedirect.com/book/9780123821881/statistical-mechanics},
	publisher = {Elsevier},
	author = {R. K. Pathria and Paul D. Beale},
	date = {2011}
}

@article{muller_2016,
	author={M{\"u}ller, Markus P. and Pastena, Michele},
	journal={IEEE Transactions on Information Theory},
	title={A Generalization of Majorization that Characterizes Shannon Entropy},
	year={2016},
	volume={62},
	number={4},
	pages={1711-1720},
	doi={10.1109/TIT.2016.2528285}
}

@article{muller_2015,
  title = {Stochastic Independence as a Resource in Small-Scale Thermodynamics},
  author = {Lostaglio, Matteo and M\"uller, Markus P. and Pastena, Michele},
  journal = {Phys. Rev. Lett.},
  volume = {115},
  issue = {15},
  pages = {150402},
  numpages = {5},
  year = {2015},
  month = {Oct},
  publisher = {American Physical Society},
  doi = {10.1103/PhysRevLett.115.150402},
  url = {https://link.aps.org/doi/10.1103/PhysRevLett.115.150402}
}

@article{muller_2019,
  title = {Von Neumann Entropy from Unitarity},
  author = {Boes, Paul and Eisert, Jens and Gallego, Rodrigo and M\"uller, Markus P. and Wilming, Henrik},
  journal = {Phys. Rev. Lett.},
  volume = {122},
  issue = {21},
  pages = {210402},
  numpages = {6},
  year = {2019},
  month = {May},
  publisher = {American Physical Society},
  doi = {10.1103/PhysRevLett.122.210402},
  url = {https://link.aps.org/doi/10.1103/PhysRevLett.122.210402}
}


@article{cit:mari,
  title = {Positive Wigner Functions Render Classical Simulation of Quantum Computation Efficient},
  author = {Mari{ }, A. and Eisert, J.},
  journal = {Phys. Rev. Lett.},
  volume = {109},
  issue = {23},
  pages = {230503},
  numpages = {5},
  year = {2012},
  month = {Dec},
  publisher = {American Physical Society},
  doi = {10.1103/PhysRevLett.109.230503},
  url = {https://link.aps.org/doi/10.1103/PhysRevLett.109.230503}
}

@article{cit:brouwer,
  title = {{\"U}ber Abbildung von Mannigfaltigkeiten},
  author = {Brouwer, L. E. J.},
  journal = {Mathematische Annalen},
  volume = {71},
  issue = {1},
  year = {1911},
  month = {Mar},
  doi = {10.1007/BF01456931},
  url = {https://doi.org/10.1007/BF01456931}
}

@book{Bengtsson_2006, 
  place={Cambridge}, 
  title={Geometry of Quantum States: An Introduction to Quantum Entanglement}, 
  DOI={10.1017/CBO9780511535048}, 
  publisher={Cambridge University Press}, 
  author={Bengtsson, Ingemar and Zyczkowski, Karol}, 
  year={2006}
}

@book{Folland_1989, 
  place={Princeton}, 
  title={Harmonic Analysis in Phase Space}, 
  publisher={Princeton University Press}, 
  author={Folland, Gerald B.}, 
  year={1989}
}

@article{Campbell_2011,
  title = {Catalysis and activation of magic states in fault-tolerant architectures},
  author = {Campbell, Earl T.},
  journal = {Phys. Rev. A},
  volume = {83},
  issue = {3},
  pages = {032317},
  numpages = {12},
  year = {2011},
  month = {Mar},
  publisher = {American Physical Society},
  doi = {10.1103/PhysRevA.83.032317},
  url = {https://link.aps.org/doi/10.1103/PhysRevA.83.032317}
}


@BOOK{cit:nielsen,
  author = {Nielsen, Michael A. and Chuang, Isaac L.},
  title = {Quantum Computation and Quantum Information},
  year = {2011},
  isbn = {1107002176},
  publisher = {Cambridge University Press},
  address = {USA},
  edition = {10th}
}

@BOOK{cit:marshall,
  title = {Inequalities: Theory of Majorization and Its Applications},
  author = {Marshall, Albert W. and Olkin, Ingram and Arnold, Barry C.},
  year = {2011},
  publisher = {Springer},
  doi = {https://doi.org/10.1007/978-0-387-68276-1}
}

@BOOK{cit:bhatia,
  title = {Matrix Analysis},
  author = {Bhatia, Rajendra},
  year = {1997},
  publisher = {Springer},
  doi = {10.1007/978-1-4612-0653-8}
}

@article{White_2021,
  title = {Conformal field theories are magical},
  author = {White, Christopher David and Cao, ChunJun and Swingle, Brian},
  journal = {Phys. Rev. B},
  volume = {103},
  issue = {7},
  pages = {075145},
  numpages = {18},
  year = {2021},
  month = {Feb},
  publisher = {American Physical Society},
  doi = {10.1103/PhysRevB.103.075145},
  url = {https://link.aps.org/doi/10.1103/PhysRevB.103.075145}
}

@article{Rethinasamy_2020,
  title = {Relative entropy and catalytic relative majorization},
  author = {Rethinasamy, Soorya and Wilde, Mark M.},
  journal = {Phys. Rev. Research},
  volume = {2},
  issue = {3},
  pages = {033455},
  numpages = {16},
  year = {2020},
  month = {Sep},
  publisher = {American Physical Society},
  doi = {10.1103/PhysRevResearch.2.033455},
  url = {https://link.aps.org/doi/10.1103/PhysRevResearch.2.033455}
}

@misc{baez2011renyi,
      title={Renyi Entropy and Free Energy}, 
      author={John C. Baez},
      year={2011},
      eprint={1102.2098},
      archivePrefix={arXiv}
}

@article{arvidsson_2020,
	title = {Quantum advantage in postselected metrology},
	volume = {11},
	rights = {2020 The Author(s)},
	issn = {2041-1723},
	url = {https://www.nature.com/articles/s41467-020-17559-w},
	doi = {10.1038/s41467-020-17559-w},
	pages = {3775},
	number = {1},
	journaltitle = {Nature Communications},
	shortjournal = {Nat Commun},
	author = {Arvidsson-Shukur, David R. M. and Yunger Halpern, Nicole and Lepage, Hugo V. and Lasek, Aleksander A. and Barnes, Crispin H. W. and Lloyd, Seth},
	date = {2020-07-29}
}

@article{halpern_2018,
  title = {Quasiprobability behind the out-of-time-ordered correlator},
  author = {Yunger Halpern, Nicole and Swingle, Brian and Dressel, Justin},
  journal = {Phys. Rev. A},
  volume = {97},
  issue = {4},
  pages = {042105},
  numpages = {37},
  year = {2018},
  month = {Apr},
  publisher = {American Physical Society},
  doi = {10.1103/PhysRevA.97.042105},
  url = {https://link.aps.org/doi/10.1103/PhysRevA.97.042105}
}

@article{Lostaglio_2018,
  title = {Quantum Fluctuation Theorems, Contextuality, and Work Quasiprobabilities},
  author = {Lostaglio, Matteo},
  journal = {Phys. Rev. Lett.},
  volume = {120},
  issue = {4},
  pages = {040602},
  numpages = {6},
  year = {2018},
  month = {Jan},
  publisher = {American Physical Society},
  doi = {10.1103/PhysRevLett.120.040602},
  url = {https://link.aps.org/doi/10.1103/PhysRevLett.120.040602}
}

@article{Levy_2020,
  title = {Quasiprobability Distribution for Heat Fluctuations in the Quantum Regime},
  author = {Levy, Amikam and Lostaglio, Matteo},
  journal = {PRX Quantum},
  volume = {1},
  issue = {1},
  pages = {010309},
  numpages = {19},
  year = {2020},
  month = {Sep},
  publisher = {American Physical Society},
  doi = {10.1103/PRXQuantum.1.010309},
  url = {https://link.aps.org/doi/10.1103/PRXQuantum.1.010309}
}


@article{rio_thermodynamic_2011,
	title = {The thermodynamic meaning of negative entropy},
	volume = {474},
	rights = {2011 Nature Publishing Group, a division of Macmillan Publishers Limited. All Rights Reserved.},
	issn = {1476-4687},
	url = {https://www.nature.com/articles/nature10123},
	doi = {10.1038/nature10123},
	pages = {61--63},
	number = {7349},
	journaltitle = {Nature},
	author = {Rio, Ldia del and Aberg, Johan and Renner, Renato and Dahlsten, Oscar and Vedral, Vlatko},
	date = {2011-06}
}

@article{Blackwell_1953,
author = {David Blackwell},
title = {{Equivalent Comparisons of Experiments}},
volume = {24},
journal = {The Annals of Mathematical Statistics},
number = {2},
publisher = {Institute of Mathematical Statistics},
pages = {265 -- 272},
year = {1953},
doi = {10.1214/aoms/1177729032},
url = {https://doi.org/10.1214/aoms/1177729032}
}

@article{Sarkar_2020,
	doi = {10.1088/1367-2630/aba919},
	url = {https://doi.org/10.1088/1367-2630/aba919},
	year = 2020,
	month = {aug},
	publisher = {{IOP} Publishing},
	volume = {22},
	number = {8},
	pages = {083077},
	author = {S Sarkar and C Mukhopadhyay and A Bayat},
	title = {Characterization of an operational quantum resource in a critical many-body system},
	journal = {New Journal of Physics}
}

@misc{Gour_2020,
      title={Entropy and relative entropy from information-theoretic principles}, 
      author={{Gour}, Gilad and {Tomamichel}, Marco},
      year={2020},
      eprint={2006.11164},
      archivePrefix={arXiv}
}

@article{Allahverdyan_2018,
  title = {Excluding joint probabilities from quantum theory},
  author = {Allahverdyan, Armen E. and Danageozian, Arshag},
  journal = {Phys. Rev. A},
  volume = {97},
  issue = {3},
  pages = {030102},
  numpages = {5},
  year = {2018},
  month = {Mar},
  publisher = {American Physical Society},
  doi = {10.1103/PhysRevA.97.030102},
  url = {https://link.aps.org/doi/10.1103/PhysRevA.97.030102}
}

@article{Fine_1982,
  title = {Hidden Variables, Joint Probability, and the Bell Inequalities},
  author = {Fine, Arthur},
  journal = {Phys. Rev. Lett.},
  volume = {48},
  issue = {5},
  pages = {291--295},
  numpages = {0},
  year = {1982},
  month = {Feb},
  publisher = {American Physical Society},
  doi = {10.1103/PhysRevLett.48.291},
  url = {https://link.aps.org/doi/10.1103/PhysRevLett.48.291}
}


@article{cit:lostaglio2,
  title = {Description of quantum coherence in thermodynamic processes requires constraints beyond free energy},
  author = {Lostaglio, Matteo and Jennings, David and Rudolph, Terry},
  journal = {Nature Communications},
  volume = {6},
  year = {2015},
  month = {Mar},
  doi = {10.1038/ncomms7383},
  url = {https://doi.org/10.1038/ncomms7383}
}

@article{cit:janzing,
author="Janzing, D.
and Wocjan, P.
and Zeier, R.
and Geiss, R.
and Beth, Th.",
title="Thermodynamic Cost of Reliability and Low Temperatures: Tightening Landauer's Principle and the Second Law",
journal="International Journal of Theoretical Physics",
year="2000",
month="Dec",
day="01",
volume="39",
number="12",
pages="2717--2753",
doi="10.1023/A:1026422630734",
url="https://doi.org/10.1023/A:1026422630734"
}

@article{cit:brandao2,
  title = {Resource Theory of Quantum States Out of Thermal Equilibrium},
  author = {Brand\~ao, Fernando G. S. L. and Horodecki, Micha\l{} and Oppenheim, Jonathan and Renes, Joseph M. and Spekkens, Robert W.},
  journal = {Phys. Rev. Lett.},
  volume = {111},
  issue = {25},
  pages = {250404},
  numpages = {5},
  year = {2013},
  month = {Dec},
  publisher = {American Physical Society},
  doi = {10.1103/PhysRevLett.111.250404},
  url = {https://link.aps.org/doi/10.1103/PhysRevLett.111.250404}
}

@article{cit:howard2,
  title = {Contextuality supplies the ‘magic’ for quantum computation},
  author = {Howard, Mark and Wallman, Joel and Veitch, Victor and Emerson, Joseph},
  journal = {Nature},
  volume = {510},
  issue = {7505},
  year = {2014},
  month = {Jun},
  publisher = {Nature Publishing Group},
  doi = {10.1038/nature13460},
  url = {https://doi.org/10.1038/nature13460}
}

@article{Mermin_1990,
  title = {Simple unified form for the major no-hidden-variables theorems},
  author = {Mermin, N. David},
  journal = {Phys. Rev. Lett.},
  volume = {65},
  issue = {27},
  pages = {3373--3376},
  numpages = {0},
  year = {1990},
  month = {Dec},
  publisher = {American Physical Society},
  doi = {10.1103/PhysRevLett.65.3373},
  url = {https://link.aps.org/doi/10.1103/PhysRevLett.65.3373}
}


@article{cit:veitch2,
	doi = {10.1088/1367-2630/16/1/013009},
	url = {https://doi.org/10.1088/F1367-2630/16/1/013009},
	year = 2014,
	month = {jan},
	publisher = {{IOP} Publishing},
	volume = {16},
	number = {1},
	pages = {013009},
	author = {Victor Veitch and S A Hamed Mousavian and Daniel Gottesman and Joseph Emerson},
	title = {The resource theory of stabilizer quantum computation},
	journal = {New Journal of Physics}
}

@misc{Okay_2021,
      title={On the extremal points of the $\Lambda$-polytopes and classical simulation of quantum computation with magic states}, 
      author={Cihan Okay and Michael Zurel and Robert Raussendorf},
      year={2021},
      eprint={2104.05822},
      archivePrefix={arXiv}
}

@article{Raussendorf_qubits,
  title = {Phase-space-simulation method for quantum computation with magic states on qubits},
  author = {Raussendorf, Robert and Bermejo-Vega, Juani and Tyhurst, Emily and Okay, Cihan and Zurel, Michael},
  journal = {Phys. Rev. A},
  volume = {101},
  issue = {1},
  pages = {012350},
  numpages = {21},
  year = {2020},
  month = {Jan},
  publisher = {American Physical Society},
  doi = {10.1103/PhysRevA.101.012350},
  url = {https://link.aps.org/doi/10.1103/PhysRevA.101.012350}
}


@misc{Bravyi_1998,
      title={Quantum codes on a lattice with boundary}, 
      author={Bravyi, S. B. and Kitaev, A. Y.},
      year={1998},
      eprint={quant-ph/9811052},
      archivePrefix={arXiv}
}

@article{Dennis_2002,
	title = {Topological quantum memory},
	volume = {43},
	issn = {0022-2488},
	url = {https://aip.scitation.org/doi/10.1063/1.1499754},
	doi = {10.1063/1.1499754},
	year = {2002},
	pages = {4452--4505},
	number = {9},
	journaltitle = {Journal of Mathematical Physics},
	shortjournal = {Journal of Mathematical Physics},
	author = {Dennis, Eric and Kitaev, Alexei and Landahl, Andrew and Preskill, John}
}

@article{Eastin_2009,
  title = {Restrictions on Transversal Encoded Quantum Gate Sets},
  author = {Eastin, Bryan and Knill, Emanuel},
  journal = {Phys. Rev. Lett.},
  volume = {102},
  issue = {11},
  pages = {110502},
  numpages = {4},
  year = {2009},
  month = {Mar},
  publisher = {American Physical Society},
  doi = {10.1103/PhysRevLett.102.110502},
  url = {https://link.aps.org/doi/10.1103/PhysRevLett.102.110502}
}



@article{cit:gross3,
author = {Gross,D. },
title = {Hudson’s theorem for finite-dimensional quantum systems},
journal = {Journal of Mathematical Physics},
volume = {47},
number = {12},
pages = {122107},
year = {2006},
doi = {10.1063/1.2393152}
}

@article{cit:gross4,
author="Gross, D.",
title="Non-negative Wigner functions in prime dimensions",
journal="Applied Physics B",
year="2007",
month="Feb",
day="01",
volume="86",
number="3",
pages="367--370"
}

@incollection{cit:gottesman2,
title = "Quantum Error Correction and Fault Tolerance",
editor = "Jean-Pierre Françoise and Gregory L. Naber and Tsou Sheung Tsun",
booktitle = "Encyclopedia of Mathematical Physics",
publisher = "Academic Press",
address = "Oxford",
pages = "196 - 201",
year = "2006",
isbn = "978-0-12-512666-3",
doi = "https://doi.org/10.1016/B0-12-512666-2/00273-X",
url = "http://www.sciencedirect.com/science/article/pii/B012512666200273X",
author = "D. Gottesman"
}

@book{cit:bengtsson,
place={Cambridge}, 
title={Geometry of Quantum States: An Introduction to Quantum Entanglement}, 
doi={10.1017/CBO9780511535048}, 
publisher={Cambridge University Press}, 
author={Bengtsson, Ingemar and Zyczkowski, Karol}, 
year={2006}
}

@book{hardy_1952,
	title = {Inequalities},
	url = {https://books.google.gr/books?id=t1RCSP8YKt8C},
	series = {Cambridge Mathematical Library},
	publisher = {Cambridge University Press},
	author = {Hardy, G.H. and Collection, Karreman Mathematics Research and Littlewood, J.E. and Pólya, G. and Pólya, G. and Littlewood, D.E.},
	date = {1952},
	lccn = {52010789}
}

@article{Klitzing_1980,
  title = {New Method for High-Accuracy Determination of the Fine-Structure Constant Based on Quantized Hall Resistance},
  author = {Klitzing, K. v. and Dorda, G. and Pepper, M.},
  journal = {Phys. Rev. Lett.},
  volume = {45},
  issue = {6},
  pages = {494--497},
  numpages = {0},
  year = {1980},
  month = {Aug},
  publisher = {American Physical Society},
  doi = {10.1103/PhysRevLett.45.494},
  url = {https://link.aps.org/doi/10.1103/PhysRevLett.45.494}
}

@article{eaton_1977,
author = {Morris L. Eaton and Michael D. Perlman},
title = {{Reflection Groups, Generalized Schur Functions, and the Geometry of Majorization}},
volume = {5},
journal = {The Annals of Probability},
number = {6},
publisher = {Institute of Mathematical Statistics},
pages = {829 -- 860},
keywords = {$G$-monotone, $G$-orbit, Convex hull, convex polyhedral cone, convex polytope, convolution, Coxeter groups, Edge, extreme point, extreme ray, fundamental region, groups generated by reflections, majorization, Orthogonal transformations, roots, Schur-concave function},
year = {1977},
doi = {10.1214/aop/1176995655},
URL = {https://doi.org/10.1214/aop/1176995655}
}

@article{giovagnoli_1985,
	title = {G-majorization with applications to matrix orderings},
	volume = {67},
	issn = {0024-3795},
	url = {https://www.sciencedirect.com/science/article/pii/0024379585901909},
	doi = {https://doi.org/10.1016/0024-3795(85)90190-9},
	pages = {111--135},
	journaltitle = {Linear Algebra and its Applications},
	author = {Giovagnoli, A. and Wynn, H. P.},
	date = {1985}
}

@article{steerneman_1990,
	title = {G-Majorization, group-induced cone orderings, and reflection groups},
	volume = {127},
	issn = {0024-3795},
	url = {https://www.sciencedirect.com/science/article/pii/002437959090338D},
	doi = {https://doi.org/10.1016/0024-3795(90)90338-D},
	pages = {107--119},
	journaltitle = {Linear Algebra and its Applications},
	author = {Steerneman, A. G. M.},
	date = {1990}
}

@article{Campbell_2017,
  title = {Unifying Gate Synthesis and Magic State Distillation},
  author = {Campbell, Earl T. and Howard, Mark},
  journal = {Phys. Rev. Lett.},
  volume = {118},
  issue = {6},
  pages = {060501},
  numpages = {5},
  year = {2017},
  month = {Feb},
  publisher = {American Physical Society},
  doi = {10.1103/PhysRevLett.118.060501},
  url = {https://link.aps.org/doi/10.1103/PhysRevLett.118.060501}
}

@article{CampbellAnwar_2012,
  title = {Magic-State Distillation in All Prime Dimensions Using Quantum Reed-Muller Codes},
  author = {Campbell, Earl T. and Anwar, Hussain and Browne, Dan E.},
  journal = {Phys. Rev. X},
  volume = {2},
  issue = {4},
  pages = {041021},
  numpages = {20},
  year = {2012},
  month = {Dec},
  publisher = {American Physical Society},
  doi = {10.1103/PhysRevX.2.041021},
  url = {https://link.aps.org/doi/10.1103/PhysRevX.2.041021}
}

@article{Anwar_2012,
	doi = {10.1088/1367-2630/14/6/063006},
	url = {https://doi.org/10.1088/1367-2630/14/6/063006},
	year = 2012,
	month = {jun},
	publisher = {{IOP} Publishing},
	volume = {14},
	number = {6},
	pages = {063006},
	author = {Hussain Anwar and Earl T Campbell and Dan E Browne},
	title = {Qutrit magic state distillation},
	journal = {New Journal of Physics}
}

@article{Dawkins_2015,
  title = {Qutrit Magic State Distillation Tight in Some Directions},
  author = {Dawkins, Hillary and Howard, Mark},
  journal = {Phys. Rev. Lett.},
  volume = {115},
  issue = {3},
  pages = {030501},
  numpages = {5},
  year = {2015},
  month = {Jul},
  publisher = {American Physical Society},
  doi = {10.1103/PhysRevLett.115.030501},
  url = {https://link.aps.org/doi/10.1103/PhysRevLett.115.030501}
}

@article{holmes_resource_2019,
	title = {Resource optimized quantum architectures for surface code implementations of magic-state distillation},
	volume = {67},
	issn = {0141-9331},
	url = {https://www.sciencedirect.com/science/article/pii/S0141933118303314},
	doi = {https://doi.org/10.1016/j.micpro.2019.02.007},
	pages = {56--70},
	journaltitle = {Microprocessors and Microsystems},
	author = {Holmes, Adam and Ding, Yongshan and Javadi-Abhari, Ali and Franklin, Diana and Martonosi, Margaret and Chong, Frederic T.},
	date = {2019},
	keywords = {Distributed system, {ECC}, Modeling, Quantum computing}
}

@article{Howard_2017,
  title = {Unified framework for magic state distillation and multiqubit gate synthesis with reduced resource cost},
  author = {Campbell, Earl T. and Howard, Mark},
  journal = {Phys. Rev. A},
  volume = {95},
  issue = {2},
  pages = {022316},
  numpages = {22},
  year = {2017},
  month = {Feb},
  publisher = {American Physical Society},
  doi = {10.1103/PhysRevA.95.022316},
  url = {https://link.aps.org/doi/10.1103/PhysRevA.95.022316}
}

@article{cit:veitch,
	doi = {10.1088/1367-2630/14/11/113011},
	url = {https://doi.org/10.1088/1367-2630/14/11/113011},
	year = 2012,
	month = {nov},
	publisher = {{IOP} Publishing},
	volume = {14},
	number = {11},
	pages = {113011},
	author = {Victor Veitch and Christopher Ferrie and David Gross and Joseph Emerson},
	title = {Negative quasi-probability as a resource for quantum computation},
	journal = {New Journal of Physics}
}

@article{Delfosse_2017,
	doi = {10.1088/1367-2630/aa8fe3},
	url = {https://doi.org/10.1088/1367-2630/aa8fe3},
	year = 2017,
	month = {dec},
	publisher = {{IOP} Publishing},
	volume = {19},
	number = {12},
	pages = {123024},
	author = {Nicolas Delfosse and Cihan Okay and Juan Bermejo-Vega and Dan E Browne and Robert Raussendorf},
	title = {Equivalence between contextuality and negativity of the Wigner function for qudits},
	journal = {New Journal of Physics}
}

@article{cit:bravyi,
  title = {Universal quantum computation with ideal Clifford gates and noisy ancillas},
  author = {Bravyi{ }, Sergey and Kitaev, Alexei},
  journal = {Phys. Rev. A},
  volume = {71},
  issue = {2},
  pages = {022316},
  numpages = {14},
  year = {2005},
  month = {Feb},
  publisher = {American Physical Society},
  doi = {10.1103/PhysRevA.71.022316},
  url = {https://link.aps.org/doi/10.1103/PhysRevA.71.022316}
}

@article{Vega_2017,
  title = {Contextuality as a Resource for Models of Quantum Computation with Qubits},
  author = {Bermejo-Vega, Juan and Delfosse, Nicolas and Browne, Dan E. and Okay, Cihan and Raussendorf, Robert},
  journal = {Phys. Rev. Lett.},
  volume = {119},
  issue = {12},
  pages = {120505},
  numpages = {5},
  year = {2017},
  month = {Sep},
  publisher = {American Physical Society},
  doi = {10.1103/PhysRevLett.119.120505},
  url = {https://link.aps.org/doi/10.1103/PhysRevLett.119.120505}
}


@article{Raussendorf_2013,
  title = {Measurement-based quantum computation on cluster states},
  author = {Raussendorf, Robert and Browne, Daniel E. and Briegel, Hans J.},
  journal = {Phys. Rev. A},
  volume = {68},
  issue = {2},
  pages = {022312},
  numpages = {32},
  year = {2003},
  month = {Aug},
  publisher = {American Physical Society},
  doi = {10.1103/PhysRevA.68.022312},
  url = {https://link.aps.org/doi/10.1103/PhysRevA.68.022312}
}

@article{cit:markov,
 author = {Markov{ }, Igor L. and Shi, Yaoyun},
 title = {Simulating Quantum Computation by Contracting Tensor Networks},
 journal = {SIAM J. Comput.},
 issue_date = {June 2008},
 volume = {38},
 number = {3},
 month = jun,
 year = {2008},
 issn = {0097-5397},
 pages = {963--981},
 numpages = {19},
 url = {http://dx.doi.org/10.1137/050644756},
 doi = {10.1137/050644756},
 acmid = {1405105},
 publisher = {Society for Industrial and Applied Mathematics},
 address = {Philadelphia, PA, USA},
 keywords = {classical simulation, computational complexity, one-way quantum computation, quantum computation, tensor network, treewidth},
}

@ARTICLE{Wang_2019,
	doi = {10.1088/1367-2630/ab451d},
	url = {https://doi.org/10.1088/1367-2630/ab451d},
	year = 2019,
	month = {oct},
	publisher = {{IOP} Publishing},
	volume = {21},
	number = {10},
	pages = {103002},
	author = {Xin Wang and Mark M Wilde and Yuan Su},
	title = {Quantifying the magic of quantum channels},
	journal = {New Journal of Physics}
}

@article{cit:vidal,
  title = {Classical Simulation of Infinite-Size Quantum Lattice Systems in One Spatial Dimension},
  author = {Vidal, G.},
  journal = {Phys. Rev. Lett.},
  volume = {98},
  issue = {7},
  pages = {070201},
  numpages = {4},
  year = {2007},
  month = {Feb},
  publisher = {American Physical Society},
  doi = {10.1103/PhysRevLett.98.070201},
  url = {https://link.aps.org/doi/10.1103/PhysRevLett.98.070201}
}

@PHDTHESIS{cit:gottesman,
       author = {{Gottesman}, Daniel},
        title = "{Stabilizer codes and quantum error correction}",
     keywords = {quantum error-correcting codes, Quantum Physics},
       school = {California Institute of Technology},
         year = "1997",
        month = "Jan"
}

@article{cit:mirsky,
author = {Mirsky, Leon},
title = {On the Trace of Matrix Products},
journal = {Mathematische Nachrichten},
volume = {20},
number = {3‐6},
pages = {171-174},
doi = {10.1002/mana.19590200306},
url = {https://onlinelibrary.wiley.com/doi/abs/10.1002/mana.19590200306},
year = {1959}
}

@article{cit:hakop,
  title = {Estimating Outcome Probabilities of Quantum Circuits Using Quasiprobabilities},
  author = {Pashayan, Hakop and Wallman, Joel J. and Bartlett, Stephen D.},
  journal = {Phys. Rev. Lett.},
  volume = {115},
  issue = {7},
  pages = {070501},
  numpages = {5},
  year = {2015},
  month = {Aug},
  publisher = {American Physical Society},
  doi = {10.1103/PhysRevLett.115.070501},
  url = {https://link.aps.org/doi/10.1103/PhysRevLett.115.070501}
}

@article{Busch_1998,
	title = {Orthogonality and Disjointness in Spaces of Measures},
	volume = {44},
	issn = {1573-0530},
	url = {https://doi.org/10.1023/A:1007429502809},
	doi = {10.1023/A:1007429502809},
	pages = {215--224},
	number = {3},
	journaltitle = {Letters in Mathematical Physics},
	shortjournal = {Letters in Mathematical Physics},
	author = {Busch, Paul},
	date = {1998-05-01}
}

@article{cit:bravyi2,
  title = {Trading Classical and Quantum Computational Resources},
  author = {Bravyi, Sergey and Smith, Graeme and Smolin, John A.},
  journal = {Phys. Rev. X},
  volume = {6},
  issue = {2},
  pages = {021043},
  numpages = {14},
  year = {2016},
  month = {Jun},
  publisher = {American Physical Society},
  doi = {10.1103/PhysRevX.6.021043},
  url = {https://link.aps.org/doi/10.1103/PhysRevX.6.021043}
}

@article{Ruch_1976,
	title = {The principle of increasing mixing character and some of its consequences},
	volume = {41},
	issn = {1432-2234},
	url = {https://doi.org/10.1007/BF01178071},
	doi = {10.1007/BF01178071},
	pages = {95--117},
	number = {2},
	journaltitle = {Theoretica chimica acta},
	shortjournal = {Theoretica chimica acta},
	author = {Ruch, Ernst and Mead, Alden},
	date = {1976-06-01}
}

@article{ruch_mixing_1978,
	title = {The mixing distance},
	volume = {69},
	issn = {0021-9606},
	url = {https://aip.scitation.org/doi/10.1063/1.436364},
	doi = {10.1063/1.436364},
	pages = {386--392},
	number = {1},
	journaltitle = {The Journal of Chemical Physics},
	shortjournal = {J. Chem. Phys.},
	author = {Ruch, Ernst and Schranner, Rudolf and Seligman, Thomas H.},
	date = {1978-07-01},
	publisher = {American Institute of Physics}
}

@article{Buscemi_2017,
  title = {Quantum relative Lorenz curves},
  author = {Buscemi, Francesco and Gour, Gilad},
  journal = {Phys. Rev. A},
  volume = {95},
  issue = {1},
  pages = {012110},
  numpages = {12},
  year = {2017},
  month = {Jan},
  publisher = {American Physical Society},
  doi = {10.1103/PhysRevA.95.012110},
  url = {https://link.aps.org/doi/10.1103/PhysRevA.95.012110}
}


@article{Veinott_1971,
author = {Veinott, Arthur F.},
title = {Least d-Majorized Network Flows with Inventory and Statistical Applications},
journal = {Management Science},
volume = {17},
number = {9},
pages = {547-567},
year = {1971},
doi = {10.1287/mnsc.17.9.547},
URL = {https://doi.org/10.1287/mnsc.17.9.547},
eprint = {https://doi.org/10.1287/mnsc.17.9.547}
}

@article{cit:campbell,
  title = {Bound States for Magic State Distillation in Fault-Tolerant Quantum Computation},
  author = {Campbell{ }, Earl T. and Browne, Dan E.},
  journal = {Phys. Rev. Lett.},
  volume = {104},
  issue = {3},
  pages = {030503},
  numpages = {4},
  year = {2010},
  month = {Jan},
  publisher = {American Physical Society},
  doi = {10.1103/PhysRevLett.104.030503},
  url = {https://link.aps.org/doi/10.1103/PhysRevLett.104.030503}
}

@article{cit:howard,
  title = {Application of a Resource Theory for Magic States to Fault-Tolerant Quantum Computing},
  author = {Howard{ }, Mark and Campbell, Earl},
  journal = {Phys. Rev. Lett.},
  volume = {118},
  issue = {9},
  pages = {090501},
  numpages = {6},
  year = {2017},
  month = {Mar},
  publisher = {American Physical Society},
  doi = {10.1103/PhysRevLett.118.090501},
  url = {https://link.aps.org/doi/10.1103/PhysRevLett.118.090501}
}

@article{cit:knill,
  title = {Quantum computing with realistically noisy devices},
  author = {Knill, E.},
  journal = {Nature},
  volume = {434},
  issue = {7029},
  year = {2005},
  month = {Mar},
  doi = {10.1038/nature03350},
  url = {https://doi.org/10.1038/nature03350}
}

@article{cit:bennett,
  title = {Exact and asymptotic measures of multipartite pure-state entanglement},
  author = {Bennett, Charles H. and Popescu, Sandu and Rohrlich, Daniel and Smolin, John A. and Thapliyal, Ashish V.},
  journal = {Phys. Rev. A},
  volume = {63},
  issue = {1},
  pages = {012307},
  numpages = {12},
  year = {2000},
  month = {Dec},
  publisher = {American Physical Society},
  doi = {10.1103/PhysRevA.63.012307},
  url = {https://link.aps.org/doi/10.1103/PhysRevA.63.012307}
}

@article{cit:linden,
issn = {0015-8208},
journal = {Fortschritte der Physik.},
pages = {567--578},
volume = {46},
publisher = {Wiley-VCH Verlag & Co KGaA},
number = {4‐5},
year = {1998},
title = {On Multi-Particle Entanglement},
address = {[Berlin] :},
author = {Linden, N and Popescu, S},
}

@article{cit:devicente,
  title = {Complete Set of Operational Measures for the Characterization of Three-Qubit Entanglement},
  author = {de Vicente, J. I. and Carle, T. and Streitberger, C. and Kraus, B.},
  journal = {Phys. Rev. Lett.},
  volume = {108},
  issue = {6},
  pages = {060501},
  numpages = {5},
  year = {2012},
  month = {Feb},
  publisher = {American Physical Society},
  doi = {10.1103/PhysRevLett.108.060501},
  url = {https://link.aps.org/doi/10.1103/PhysRevLett.108.060501}
}

@article{cit:bai,
  title = {Detecting a set of entanglement measures in an unknown tripartite quantum state by local operations and classical communication},
  author = {Bai, Yan Kui and Li, Shu Shen and Zheng, Hou Zhi and Wang, Z. D.},
  journal = {Phys. Rev. A},
  volume = {74},
  issue = {2},
  pages = {022305},
  numpages = {8},
  year = {2006},
  month = {Aug},
  publisher = {American Physical Society},
  doi = {10.1103/PhysRevA.74.022305},
  url = {https://link.aps.org/doi/10.1103/PhysRevA.74.022305}
}

@article{cit:cwiklinski,
  title = {Limitations on the Evolution of Quantum Coherences: Towards Fully Quantum Second Laws of Thermodynamics},
  author = {\ifmmode \acute{C}\else \'{C}\fi{}wikli\ifmmode \acute{n}\else \'{n}\fi{}ski, Piotr and Studzi\ifmmode \acute{n}\else \'{n}\fi{}ski, Micha\l{} and Horodecki, Micha\l{} and Oppenheim, Jonathan},
  journal = {Phys. Rev. Lett.},
  volume = {115},
  issue = {21},
  pages = {210403},
  numpages = {5},
  year = {2015},
  month = {Nov},
  publisher = {American Physical Society},
  doi = {10.1103/PhysRevLett.115.210403},
  url = {https://link.aps.org/doi/10.1103/PhysRevLett.115.210403}
}

@article{cit:horodecki3,
  title = {Quantum entanglement},
  author = {Horodecki, Ryszard and Horodecki, Pawe\l{} and Horodecki, Micha\l{} and Horodecki, Karol},
  journal = {Rev. Mod. Phys.},
  volume = {81},
  issue = {2},
  pages = {865--942},
  numpages = {0},
  year = {2009},
  month = {Jun},
  publisher = {American Physical Society},
  doi = {10.1103/RevModPhys.81.865},
  url = {https://link.aps.org/doi/10.1103/RevModPhys.81.865}
}

@article{cit:daniell,
  title = {Experimental test of quantum nonlocality in three-photon Greenberger–Horne–Zeilinger entanglement},
  author = {Daniell, Matthew and Weinfurter, Harald and Zeilinger, Anton},
  journal = {Nature},
  volume = {403},
  issue = {6769},
  year = {2000},
  month = {Feb},
  publisher = {Nature},
  doi = {10.1038/35000514},
  url = {https://doi.org/10.1038/35000514}
}

@article{cit:freedman,
  title = {Experimental Test of Local Hidden-Variable Theories},
  author = {Freedman, Stuart J. and Clauser, John F.},
  journal = {Phys. Rev. Lett.},
  volume = {28},
  issue = {14},
  pages = {938--941},
  numpages = {0},
  year = {1972},
  month = {Apr},
  publisher = {American Physical Society},
  doi = {10.1103/PhysRevLett.28.938},
  url = {https://link.aps.org/doi/10.1103/PhysRevLett.28.938}
}


@article{cit:winter,
  title = {Operational Resource Theory of Coherence},
  author = {Winter, Andreas and Yang, Dong},
  journal = {Phys. Rev. Lett.},
  volume = {116},
  issue = {12},
  pages = {120404},
  numpages = {6},
  year = {2016},
  month = {Mar},
  publisher = {American Physical Society},
  doi = {10.1103/PhysRevLett.116.120404},
  url = {https://link.aps.org/doi/10.1103/PhysRevLett.116.120404}
}

@article{cit:streltsov,
  title = {Colloquium: Quantum coherence as a resource},
  author = {Streltsov, Alexander and Adesso, Gerardo and Plenio, Martin B.},
  journal = {Rev. Mod. Phys.},
  volume = {89},
  issue = {4},
  pages = {041003},
  numpages = {34},
  year = {2017},
  month = {Oct},
  publisher = {American Physical Society},
  doi = {10.1103/RevModPhys.89.041003},
  url = {https://link.aps.org/doi/10.1103/RevModPhys.89.041003}
}

@article{cit:lee,
  title = {Quantum teleportation and Bell's inequality using single-particle entanglement},
  author = {Lee, Hai-Woong and Kim, Jaewan},
  journal = {Phys. Rev. A},
  volume = {63},
  issue = {1},
  pages = {012305},
  numpages = {5},
  year = {2000},
  month = {Dec},
  publisher = {American Physical Society},
  doi = {10.1103/PhysRevA.63.012305},
  url = {https://link.aps.org/doi/10.1103/PhysRevA.63.012305}
}

@article{cit:ahmadi,
  title = {Quantification and manipulation of magic states},
  author = {Ahmadi, Mehdi and Dang, Hoan Bui and Gour, Gilad and Sanders, Barry C.},
  journal = {Phys. Rev. A},
  volume = {97},
  issue = {6},
  pages = {062332},
  numpages = {8},
  year = {2018},
  month = {Jun},
  publisher = {American Physical Society},
  doi = {10.1103/PhysRevA.97.062332},
  url = {https://link.aps.org/doi/10.1103/PhysRevA.97.062332}
}

@article{Li_2015,
	doi = {10.1088/1367-2630/17/2/023037},
	url = {https://doi.org/10.1088/1367-2630/17/2/023037},
	year = 2015,
	month = {feb},
	publisher = {{IOP} Publishing},
	volume = {17},
	number = {2},
	pages = {023037},
	author = {Ying Li},
	title = {A magic state's fidelity can be superior to the operations that created it},
	journal = {New Journal of Physics}
}

@misc{Vallejos_2021,
      title={The principle of majorization: application to random quantum circuits}, 
      author={Raul O. Vallejos and Fernando de Melo and Gabriel G. Carlo},
      year={2021},
      eprint={2102.09999},
      archivePrefix={arXiv}
}

@article{Babbush_2018,
  title = {Encoding Electronic Spectra in Quantum Circuits with Linear T Complexity},
  author = {Babbush, Ryan and Gidney, Craig and Berry, Dominic W. and Wiebe, Nathan and McClean, Jarrod and Paler, Alexandru and Fowler, Austin and Neven, Hartmut},
  journal = {Phys. Rev. X},
  volume = {8},
  issue = {4},
  pages = {041015},
  numpages = {36},
  year = {2018},
  month = {Oct},
  publisher = {American Physical Society},
  doi = {10.1103/PhysRevX.8.041015},
  url = {https://link.aps.org/doi/10.1103/PhysRevX.8.041015}
}

@misc{Fowler_2019,
      title={Low overhead quantum computation using lattice surgery}, 
      author={Austin G. Fowler and Craig Gidney},
      year={2019},
      eprint={1808.06709},
      archivePrefix={arXiv}
}

@article{Bravyi_2021,
  title = {Mitigating measurement errors in multiqubit experiments},
  author = {Bravyi, Sergey and Sheldon, Sarah and Kandala, Abhinav and Mckay, David C. and Gambetta, Jay M.},
  journal = {Phys. Rev. A},
  volume = {103},
  issue = {4},
  pages = {042605},
  numpages = {12},
  year = {2021},
  month = {Apr},
  publisher = {American Physical Society},
  doi = {10.1103/PhysRevA.103.042605},
  url = {https://link.aps.org/doi/10.1103/PhysRevA.103.042605}
}

@article{Stephens_2013,
  title = {High-threshold topological quantum error correction against biased noise},
  author = {Stephens, Ashley M. and Munro, William J. and Nemoto, Kae},
  journal = {Phys. Rev. A},
  volume = {88},
  issue = {6},
  pages = {060301},
  numpages = {4},
  year = {2013},
  month = {Dec},
  publisher = {American Physical Society},
  doi = {10.1103/PhysRevA.88.060301},
  url = {https://link.aps.org/doi/10.1103/PhysRevA.88.060301}
}

@article{Tuckett_2019,
  title = {Tailoring Surface Codes for Highly Biased Noise},
  author = {Tuckett, David K. and Darmawan, Andrew S. and Chubb, Christopher T. and Bravyi, Sergey and Bartlett, Stephen D. and Flammia, Steven T.},
  journal = {Phys. Rev. X},
  volume = {9},
  issue = {4},
  pages = {041031},
  numpages = {22},
  year = {2019},
  month = {Nov},
  publisher = {American Physical Society},
  doi = {10.1103/PhysRevX.9.041031},
  url = {https://link.aps.org/doi/10.1103/PhysRevX.9.041031}
}

@article{Bourassa_2021,
  doi = {10.22331/q-2021-02-04-392},
  url = {https://doi.org/10.22331/q-2021-02-04-392},
  title = {Blueprint for a {S}calable {P}hotonic {F}ault-{T}olerant {Q}uantum {C}omputer},
  author = {Bourassa, J. Eli and Alexander, Rafael N. and Vasmer, Michael and Patil, Ashlesha and Tzitrin, Ilan and Matsuura, Takaya and Su, Daiqin and Baragiola, Ben Q. and Guha, Saikat and Dauphinais, Guillaume and Sabapathy, Krishna K. and Menicucci, Nicolas C. and Dhand, Ish},
  journal = {{Quantum}},
  issn = {2521-327X},
  publisher = {{Verein zur F{\"{o}}rderung des Open Access Publizierens in den Quantenwissenschaften}},
  volume = {5},
  pages = {392},
  month = feb,
  year = {2021}
}

@article{Biswal_2021,
author = {Biswal, Laxmidhar and Mondal, Bappaditya and Rahaman, Hafizur},
title = {Fault-tolerant quantum implementation of conventional decoder logic with enable input},
journal = {IET Circuits, Devices \& Systems},
volume = {n/a},
number = {n/a},
pages = {},
doi = {https://doi.org/10.1049/cds2.12036},
url = {https://ietresearch.onlinelibrary.wiley.com/doi/abs/10.1049/cds2.12036}
}

@article{lin_pieceable_2020,
	title = {Pieceable fault tolerant conversion between 5-qubit code and 7-{CSS} code},
	volume = {19},
	issn = {1573-1332},
	url = {https://doi.org/10.1007/s11128-020-02740-3},
	doi = {10.1007/s11128-020-02740-3},
	pages = {243},
	number = {8},
	journaltitle = {Quantum Information Processing},
	shortjournal = {Quantum Inf Process},
	author = {Lin, Chen and Yang, {GuoWu} and Luo, {QingBin} and Li, {XiaoYu}},
	date = {2020-07-15},
	langid = {english}
}

@article{Lin_2020,
  title = {Concatenated pieceable fault-tolerant scheme for universal quantum computation},
  author = {Lin, Chen and Yang, GuoWu},
  journal = {Phys. Rev. A},
  volume = {102},
  issue = {5},
  pages = {052415},
  numpages = {16},
  year = {2020},
  month = {Nov},
  publisher = {American Physical Society},
  doi = {10.1103/PhysRevA.102.052415},
  url = {https://link.aps.org/doi/10.1103/PhysRevA.102.052415}
}

@article{chao_2018,
	title = {Fault-tolerant quantum computation with few qubits},
	volume = {4},
	rights = {2018 The Author(s)},
	issn = {2056-6387},
	url = {https://www.nature.com/articles/s41534-018-0085-z},
	doi = {10.1038/s41534-018-0085-z},
	pages = {1--8},
	number = {1},
	journaltitle = {npj Quantum Information},
	author = {Chao, Rui and Reichardt, Ben W.},
	date = {2018-09-12},
	langid = {english},
	publisher={Nature Publishing Group}
}

@article{Nikahd_2017,
  title = {Nonuniform code concatenation for universal fault-tolerant quantum computing},
  author = {Nikahd, Eesa and Sedighi, Mehdi and Saheb Zamani, Morteza},
  journal = {Phys. Rev. A},
  volume = {96},
  issue = {3},
  pages = {032337},
  numpages = {6},
  year = {2017},
  month = {Sep},
  publisher = {American Physical Society},
  doi = {10.1103/PhysRevA.96.032337},
  url = {https://link.aps.org/doi/10.1103/PhysRevA.96.032337}
}

@article{Fowler_2012,
  title = {Surface codes: Towards practical large-scale quantum computation},
  author = {Fowler, Austin G. and Mariantoni, Matteo and Martinis, John M. and Cleland, Andrew N.},
  journal = {Phys. Rev. A},
  volume = {86},
  issue = {3},
  pages = {032324},
  numpages = {48},
  year = {2012},
  month = {Sep},
  publisher = {American Physical Society},
  doi = {10.1103/PhysRevA.86.032324},
  url = {https://link.aps.org/doi/10.1103/PhysRevA.86.032324}
}

@article{Nickerson_2014,
  title = {Freely Scalable Quantum Technologies Using Cells of 5-to-50 Qubits with Very Lossy and Noisy Photonic Links},
  author = {Nickerson, Naomi H. and Fitzsimons, Joseph F. and Benjamin, Simon C.},
  journal = {Phys. Rev. X},
  volume = {4},
  issue = {4},
  pages = {041041},
  numpages = {17},
  year = {2014},
  month = {Dec},
  publisher = {American Physical Society},
  doi = {10.1103/PhysRevX.4.041041},
  url = {https://link.aps.org/doi/10.1103/PhysRevX.4.041041}
}

@article{Li_2017,
  title = {Efficient Variational Quantum Simulator Incorporating Active Error Minimization},
  author = {Li, Ying and Benjamin, Simon C.},
  journal = {Phys. Rev. X},
  volume = {7},
  issue = {2},
  pages = {021050},
  numpages = {14},
  year = {2017},
  month = {Jun},
  publisher = {American Physical Society},
  doi = {10.1103/PhysRevX.7.021050},
  url = {https://link.aps.org/doi/10.1103/PhysRevX.7.021050}
}

@article{Temme_2017,
  title = {Error Mitigation for Short-Depth Quantum Circuits},
  author = {Temme, Kristan and Bravyi, Sergey and Gambetta, Jay M.},
  journal = {Phys. Rev. Lett.},
  volume = {119},
  issue = {18},
  pages = {180509},
  numpages = {5},
  year = {2017},
  month = {Nov},
  publisher = {American Physical Society},
  doi = {10.1103/PhysRevLett.119.180509},
  url = {https://link.aps.org/doi/10.1103/PhysRevLett.119.180509}
}

@article{jones_2012,
  title = {Layered Architecture for Quantum Computing},
  author = {Jones, N. Cody and Van Meter, Rodney and Fowler, Austin G. and McMahon, Peter L. and Kim, Jungsang and Ladd, Thaddeus D. and Yamamoto, Yoshihisa},
  journal = {Phys. Rev. X},
  volume = {2},
  issue = {3},
  pages = {031007},
  numpages = {27},
  year = {2012},
  month = {Jul},
  publisher = {American Physical Society},
  doi = {10.1103/PhysRevX.2.031007},
  url = {https://link.aps.org/doi/10.1103/PhysRevX.2.031007}
}


@article{Endo_2018,
  title = {Practical Quantum Error Mitigation for Near-Future Applications},
  author = {Endo, Suguru and Benjamin, Simon C. and Li, Ying},
  journal = {Phys. Rev. X},
  volume = {8},
  issue = {3},
  pages = {031027},
  numpages = {21},
  year = {2018},
  month = {Jul},
  publisher = {American Physical Society},
  doi = {10.1103/PhysRevX.8.031027},
  url = {https://link.aps.org/doi/10.1103/PhysRevX.8.031027}
}

@article{McClean_2017,
  title = {Hybrid quantum-classical hierarchy for mitigation of decoherence and determination of excited states},
  author = {McClean, Jarrod R. and Kimchi-Schwartz, Mollie E. and Carter, Jonathan and de Jong, Wibe A.},
  journal = {Phys. Rev. A},
  volume = {95},
  issue = {4},
  pages = {042308},
  numpages = {10},
  year = {2017},
  month = {Apr},
  publisher = {American Physical Society},
  doi = {10.1103/PhysRevA.95.042308},
  url = {https://link.aps.org/doi/10.1103/PhysRevA.95.042308}
}

@article{Kandala_2019,
	title = {Error mitigation extends the computational reach of a noisy quantum processor},
	volume = {567},
	rights = {2019 The Author(s), under exclusive licence to Springer Nature Limited},
	issn = {1476-4687},
	url = {https://www.nature.com/articles/s41586-019-1040-7},
	doi = {10.1038/s41586-019-1040-7},
	pages = {491--495},
	number = {7749},
	journaltitle = {Nature},
	author = {Kandala, Abhinav and Temme, Kristan and Córcoles, Antonio D. and Mezzacapo, Antonio and Chow, Jerry M. and Gambetta, Jay M.},
	urldate = {2021-04-16},
	date = {2019-03},
	langid = {english},
	note = {Number: 7749
Publisher: Nature Publishing Group}
}

@article{Colless_2018,
  title = {Computation of Molecular Spectra on a Quantum Processor with an Error-Resilient Algorithm},
  author = {Colless, J. I. and Ramasesh, V. V. and Dahlen, D. and Blok, M. S. and Kimchi-Schwartz, M. E. and McClean, J. R. and Carter, J. and de Jong, W. A. and Siddiqi, I.},
  journal = {Phys. Rev. X},
  volume = {8},
  issue = {1},
  pages = {011021},
  numpages = {7},
  year = {2018},
  month = {Feb},
  publisher = {American Physical Society},
  doi = {10.1103/PhysRevX.8.011021},
  url = {https://link.aps.org/doi/10.1103/PhysRevX.8.011021}
}

@misc{song2018quantum,
      title={Quantum computation with universal error mitigation on superconducting quantum processor}, 
      author={Chao Song and Jing Cui and H. Wang and J. Hao and H. Feng and Ying Li},
      year={2018},
      eprint={1812.10903},
      archivePrefix={arXiv}
}


@article{bonilla_ataides_xzzx_2021,
	title = {The {XZZX} surface code},
	volume = {12},
	rights = {2021 The Author(s)},
	issn = {2041-1723},
	url = {https://www.nature.com/articles/s41467-021-22274-1},
	doi = {10.1038/s41467-021-22274-1},
	pages = {2172},
	number = {1},
	journaltitle = {Nature Communications},
	author = {Bonilla Ataides, J. Pablo and Tuckett, David K. and Bartlett, Stephen D. and Flammia, Steven T. and Brown, Benjamin J.},
	urldate = {2021-04-16},
	date = {2021-04-12},
	langid = {english},
	note = {Number: 1
Publisher: Nature Publishing Group}
}

@article{Bennett_1996,
  title = {Mixed-state entanglement and quantum error correction},
  author = {Bennett, Charles H. and DiVincenzo, David P. and Smolin, John A. and Wootters, William K.},
  journal = {Phys. Rev. A},
  volume = {54},
  issue = {5},
  pages = {3824--3851},
  numpages = {0},
  year = {1996},
  month = {Nov},
  publisher = {American Physical Society},
  doi = {10.1103/PhysRevA.54.3824},
  url = {https://link.aps.org/doi/10.1103/PhysRevA.54.3824}
}

@article{Aliferis_2008,
  title = {Fault-tolerant quantum computation against biased noise},
  author = {Aliferis, Panos and Preskill, John},
  journal = {Phys. Rev. A},
  volume = {78},
  issue = {5},
  pages = {052331},
  numpages = {9},
  year = {2008},
  month = {Nov},
  publisher = {American Physical Society},
  doi = {10.1103/PhysRevA.78.052331},
  url = {https://link.aps.org/doi/10.1103/PhysRevA.78.052331}
}

@article{Guillaud_2019,
  title = {Repetition Cat Qubits for Fault-Tolerant Quantum Computation},
  author = {Guillaud, J\'er\'emie and Mirrahimi, Mazyar},
  journal = {Phys. Rev. X},
  volume = {9},
  issue = {4},
  pages = {041053},
  numpages = {23},
  year = {2019},
  month = {Dec},
  publisher = {American Physical Society},
  doi = {10.1103/PhysRevX.9.041053},
  url = {https://link.aps.org/doi/10.1103/PhysRevX.9.041053}
}


@article{Raussendorf_2007,
  title = {Fault-Tolerant Quantum Computation with High Threshold in Two Dimensions},
  author = {Raussendorf, Robert and Harrington, Jim},
  journal = {Phys. Rev. Lett.},
  volume = {98},
  issue = {19},
  pages = {190504},
  numpages = {4},
  year = {2007},
  month = {May},
  publisher = {American Physical Society},
  doi = {10.1103/PhysRevLett.98.190504},
  url = {https://link.aps.org/doi/10.1103/PhysRevLett.98.190504}
}

@misc{okay2021extremal,
      title={On the extremal points of the $\Lambda$-polytopes and classical simulation of quantum computation with magic states}, 
      author={Cihan Okay and Michael Zurel and Robert Raussendorf},
      year={2021},
      eprint={2104.05822},
      archivePrefix={arXiv}
}

@article{Zurel_2020,
  title = {Hidden Variable Model for Universal Quantum Computation with Magic States on Qubits},
  author = {Zurel, Michael and Okay, Cihan and Raussendorf, Robert},
  journal = {Phys. Rev. Lett.},
  volume = {125},
  issue = {26},
  pages = {260404},
  numpages = {6},
  year = {2020},
  month = {Dec},
  publisher = {American Physical Society},
  doi = {10.1103/PhysRevLett.125.260404},
  url = {https://link.aps.org/doi/10.1103/PhysRevLett.125.260404}
}


@article{Freedman_2001,
	title = {Quantum Computation and the Localization of Modular Functors},
	volume = {1},
	issn = {1615-3375},
	url = {https://doi.org/10.1007/s102080010006},
	doi = {10.1007/s102080010006},
	pages = {183--204},
	number = {2},
	journaltitle = {Foundations of Computational Mathematics},
	shortjournal = {Found. Comput. Math.},
	author = {Freedman, Michael H.},
	year = {2001}
}

@article{Litinski_2019,
  doi = {10.22331/q-2019-12-02-205},
  url = {https://doi.org/10.22331/q-2019-12-02-205},
  title = {Magic {S}tate {D}istillation: {N}ot as {C}ostly as {Y}ou {T}hink},
  author = {Litinski, Daniel},
  journal = {{Quantum}},
  issn = {2521-327X},
  publisher = {{Verein zur F{\"{o}}rderung des Open Access Publizierens in den Quantenwissenschaften}},
  volume = {3},
  pages = {205},
  month = dec,
  year = {2019}
}

@article{Ferrie_2008,
	doi = {10.1088/1751-8113/41/35/352001},
	url = {https://doi.org/10.1088/1751-8113/41/35/352001},
	year = 2008,
	month = {jul},
	publisher = {{IOP} Publishing},
	volume = {41},
	number = {35},
	pages = {352001},
	author = {Christopher Ferrie and Joseph Emerson},
	title = {Frame representations of quantum mechanics and the necessity of negativity in quasi-probability representations},
	journal = {Journal of Physics A: Mathematical and Theoretical}
}

@article{cit:seddon,
author = {Seddon, James R.  and Campbell, Earl T. },
title = {Quantifying magic for multi-qubit operations},
journal = {Proceedings of the Royal Society A: Mathematical, Physical and Engineering Sciences},
volume = {475},
number = {2227},
pages = {20190251},
year = {2019},
doi = {10.1098/rspa.2019.0251},
URL = {https://royalsocietypublishing.org/doi/abs/10.1098/rspa.2019.0251}
}

@article{campbell_roads_2017,
	title = {Roads towards fault-tolerant universal quantum computation},
	volume = {549},
	rights = {2017 Macmillan Publishers Limited, part of Springer Nature. All rights reserved.},
	issn = {1476-4687},
	url = {https://www.nature.com/articles/nature23460},
	doi = {10.1038/nature23460},
	pages = {172--179},
	number = {7671},
	journaltitle = {Nature},
	author = {Campbell, Earl T. and Terhal, Barbara M. and Vuillot, Christophe},
	date = {2017-09}
}

@article{Ogorman_2017,
  title = {Quantum computation with realistic magic-state factories},
  author = {O'Gorman, Joe and Campbell, Earl T.},
  journal = {Phys. Rev. A},
  volume = {95},
  issue = {3},
  pages = {032338},
  numpages = {19},
  year = {2017},
  month = {Mar},
  publisher = {American Physical Society},
  doi = {10.1103/PhysRevA.95.032338},
  url = {https://link.aps.org/doi/10.1103/PhysRevA.95.032338}
}


@article{Seddon_2021,
  title = {Quantifying Quantum Speedups: Improved Classical Simulation From Tighter Magic Monotones},
  author = {Seddon, James R. and Regula, Bartosz and Pashayan, Hakop and Ouyang, Yingkai and Campbell, Earl T.},
  journal = {PRX Quantum},
  volume = {2},
  issue = {1},
  pages = {010345},
  numpages = {42},
  year = {2021},
  month = {Mar},
  publisher = {American Physical Society},
  doi = {10.1103/PRXQuantum.2.010345},
  url = {https://link.aps.org/doi/10.1103/PRXQuantum.2.010345}
}

@article{Calderbank_1996,
  title = {Good quantum error-correcting codes exist},
  author = {Calderbank, A. R. and Shor, Peter W.},
  journal = {Phys. Rev. A},
  volume = {54},
  issue = {2},
  pages = {1098--1105},
  numpages = {0},
  year = {1996},
  month = {Aug},
  publisher = {American Physical Society},
  doi = {10.1103/PhysRevA.54.1098},
  url = {https://link.aps.org/doi/10.1103/PhysRevA.54.1098}
}

@article{Steane_1996,
author = {Steane, Andrew },
title = {Multiple-particle interference and quantum error correction},
journal = {Proceedings of the Royal Society of London. Series A: Mathematical, Physical and Engineering Sciences},
volume = {452},
number = {1954},
pages = {2551-2577},
year = {1996},
doi = {10.1098/rspa.1996.0136},
URL = {https://royalsocietypublishing.org/doi/abs/10.1098/rspa.1996.0136}
}

@article{cit:prakash,
author = {Prakash, Shiroman },
title = {Magic state distillation with the ternary Golay code},
journal = {Proceedings of the Royal Society A: Mathematical, Physical and Engineering Sciences},
volume = {476},
number = {2241},
pages = {20200187},
year = {2020},
doi = {10.1098/rspa.2020.0187},
URL = {https://royalsocietypublishing.org/doi/abs/10.1098/rspa.2020.0187},
}

@article{cit:prakash2,
  title = {Qutrit and ququint magic states},
  author = {Jain, Akalank and Prakash, Shiroman},
  journal = {Phys. Rev. A},
  volume = {102},
  issue = {4},
  pages = {042409},
  numpages = {19},
  year = {2020},
  month = {Oct},
  publisher = {American Physical Society},
  doi = {10.1103/PhysRevA.102.042409},
  url = {https://link.aps.org/doi/10.1103/PhysRevA.102.042409}
}

@article{Prakash_2018,
  title = {Normal form for single-qutrit Clifford+$T$ operators and synthesis of single-qutrit gates},
  author = {Prakash, Shiroman and Jain, Akalank and Kapur, Bhakti and Seth, Shubangi},
  journal = {Phys. Rev. A},
  volume = {98},
  issue = {3},
  pages = {032304},
  numpages = {9},
  year = {2018},
  month = {Sep},
  publisher = {American Physical Society},
  doi = {10.1103/PhysRevA.98.032304},
  url = {https://link.aps.org/doi/10.1103/PhysRevA.98.032304}
}


@article{Bravyi2012,
  title = {Magic-state distillation with low overhead},
  author = {Bravyi, Sergey and Haah, Jeongwan},
  journal = {Phys. Rev. A},
  volume = {86},
  issue = {5},
  pages = {052329},
  numpages = {10},
  year = {2012},
  month = {Nov},
  publisher = {American Physical Society},
  doi = {10.1103/PhysRevA.86.052329},
  url = {https://link.aps.org/doi/10.1103/PhysRevA.86.052329}
}

@article{Hastings2018,
  title = {Distillation with Sublogarithmic Overhead},
  author = {Hastings, Matthew B. and Haah, Jeongwan},
  journal = {Phys. Rev. Lett.},
  volume = {120},
  issue = {5},
  pages = {050504},
  numpages = {3},
  year = {2018},
  month = {Jan},
  publisher = {American Physical Society},
  doi = {10.1103/PhysRevLett.120.050504},
  url = {https://link.aps.org/doi/10.1103/PhysRevLett.120.050504}
}

@misc{haah2017magic,
      title={Magic State Distillation with Low Space Overhead and Optimal Asymptotic Input Count}, 
      author={Jeongwan Haah and Matthew B. Hastings and D. Poulin and D. Wecker},
      year={2017},
      eprint={1703.07847},
      archivePrefix={arXiv}
}

@article{Krishna2019,
  title = {Towards Low Overhead Magic State Distillation},
  author = {Krishna, Anirudh and Tillich, Jean-Pierre},
  journal = {Phys. Rev. Lett.},
  volume = {123},
  issue = {7},
  pages = {070507},
  numpages = {4},
  year = {2019},
  month = {Aug},
  publisher = {American Physical Society},
  doi = {10.1103/PhysRevLett.123.070507},
  url = {https://link.aps.org/doi/10.1103/PhysRevLett.123.070507}
}

@misc{Seddon2020,
      title={Quantifying quantum speedups: improved classical simulation from tighter magic monotones}, 
      author={James R. Seddon and Bartosz Regula and Hakop Pashayan and Yingkai Ouyang and Earl T. Campbell},
      year={2020},
      eprint={2002.06181},
      archivePrefix={arXiv}
}

@article{Renes_2016,
	title = {Relative submajorization and its use in quantum resource theories},
	volume = {57},
	issn = {0022-2488},
	url = {https://aip.scitation.org/doi/10.1063/1.4972295},
	doi = {10.1063/1.4972295},
	pages = {122202},
	number = {12},
	journal = {Journal of Mathematical Physics},
	author = {Renes, Joseph M.},
	date = {2016-12-01},
	note = {Publisher: American Institute of Physics}
}

@article{faist_2015,
	title = {Gibbs-preserving maps outperform thermal operations in the quantum regime},
	volume = {17},
	issn = {1367-2630},
	url = {https://iopscience.iop.org/article/10.1088/1367-2630/17/4/043003},
	doi = {10.1088/1367-2630/17/4/043003},
	pages = {043003},
	number = {4},
	journaltitle = {New Journal of Physics},
	shortjournal = {New J. Phys.},
	author = {Faist, Philippe and Oppenheim, Jonathan and Renner, Renato},
	date = {2015-04-02}
}

@article{bogolyubov_1966,
	author = {{Bogolubov}, N.~N., Jr.},
	title = {On model dynamical systems in statistical mechanics},
	journal = {Physica},
	year = 1966,
	month = may,
	volume = {32},
	number = {5},
	pages = {933-944},
	doi = {10.1016/0031-8914(66)90024-3},
	url = {https://doi.org/10.1016/0031-8914(66)90024-3}
}


@article{christandl_2007,
	title = {One-and-a-Half Quantum de Finetti Theorems},
	volume = {273},
	issn = {1432-0916},
	url = {https://doi.org/10.1007/s00220-007-0189-3},
	doi = {10.1007/s00220-007-0189-3},
	pages = {473--498},
	number = {2},
	journaltitle = {Communications in Mathematical Physics},
	shortjournal = {Commun. Math. Phys.},
	author = {Christandl, Matthias and König, Robert and Mitchison, Graeme and Renner, Renato},
	date = {2007-07-01}
}

@article{Fang2020,
  title = {No-Go Theorems for Quantum Resource Purification},
  author = {Fang, Kun and Liu, Zi-Wen},
  journal = {Phys. Rev. Lett.},
  volume = {125},
  issue = {6},
  pages = {060405},
  numpages = {7},
  year = {2020},
  month = {Aug},
  publisher = {American Physical Society},
  doi = {10.1103/PhysRevLett.125.060405},
  url = {https://link.aps.org/doi/10.1103/PhysRevLett.125.060405}
}

@article{Wang_2020,
  title = {Efficiently Computable Bounds for Magic State Distillation},
  author = {Wang, Xin and Wilde, Mark M. and Su, Yuan},
  journal = {Phys. Rev. Lett.},
  volume = {124},
  issue = {9},
  pages = {090505},
  numpages = {7},
  year = {2020},
  month = {Mar},
  publisher = {American Physical Society},
  doi = {10.1103/PhysRevLett.124.090505},
  url = {https://link.aps.org/doi/10.1103/PhysRevLett.124.090505}
}

@article{Wigner_1932,
  title = {On the Quantum Correction For Thermodynamic Equilibrium},
  author = {Wigner, E.},
  journal = {Phys. Rev.},
  volume = {40},
  issue = {5},
  pages = {749--759},
  numpages = {0},
  year = {1932},
  month = {Jun},
  publisher = {American Physical Society},
  doi = {10.1103/PhysRev.40.749},
  url = {https://link.aps.org/doi/10.1103/PhysRev.40.749}
}


@article{Vourdas_2004,
	doi = {10.1088/0034-4885/67/3/r03},
	url = {https://doi.org/10.1088/0034-4885/67/3/r03},
	year = 2004,
	month = {feb},
	publisher = {{IOP} Publishing},
	volume = {67},
	number = {3},
	pages = {267--320},
	author = {A Vourdas},
	title = {Quantum systems with finite Hilbert space},
	journal = {Reports on Progress in Physics}
}