@PREAMBLE{
 "\providecommand{\noopsort}[1]{}" 
 # "\providecommand{\singleletter}[1]{#1}" 
}

@article{cit:gross,
  title = {Most Quantum States Are Too Entangled To Be Useful As Computational Resources},
  author = {Gross, D. and Flammia, S. T. and Eisert, J.},
  journal = {Phys. Rev. Lett.},
  volume = {102},
  issue = {19},
  pages = {190501},
  numpages = {4},
  year = {2009},
  month = {May},
  publisher = {American Physical Society},
  doi = {10.1103/PhysRevLett.102.190501},
  url = {https://link.aps.org/doi/10.1103/PhysRevLett.102.190501}
}

@article{cit:nest,
  title = {Universal Resources for Measurement-Based Quantum Computation},
  author = {Van den Nest, Maarten and Miyake, Akimasa and D\"ur, Wolfgang and Briegel, Hans J.},
  journal = {Phys. Rev. Lett.},
  volume = {97},
  issue = {15},
  pages = {150504},
  numpages = {4},
  year = {2006},
  month = {Oct},
  publisher = {American Physical Society},
  doi = {10.1103/PhysRevLett.97.150504},
  url = {https://link.aps.org/doi/10.1103/PhysRevLett.97.150504}
}

@article{cit:raussendorf,
  title = {A One-Way Quantum Computer},
  author = {Raussendorf{ }, Robert and Briegel, Hans J.},
  journal = {Phys. Rev. Lett.},
  volume = {86},
  issue = {22},
  pages = {5188--5191},
  numpages = {0},
  year = {2001},
  month = {May},
  publisher = {American Physical Society},
  doi = {10.1103/PhysRevLett.86.5188},
  url = {https://link.aps.org/doi/10.1103/PhysRevLett.86.5188}
}

@article{cit:gross2,
  title = {Novel Schemes for Measurement-Based Quantum Computation},
  author = {Gross{ }, D. and Eisert, J.},
  journal = {Phys. Rev. Lett.},
  volume = {98},
  issue = {22},
  pages = {220503},
  numpages = {4},
  year = {2007},
  month = {May},
  publisher = {American Physical Society},
  doi = {10.1103/PhysRevLett.98.220503},
  url = {https://link.aps.org/doi/10.1103/PhysRevLett.98.220503}
}

@article{cit:fujii,
  title = {Verifiable fault tolerance in measurement-based quantum computation},
  author = {Fujii{ }, Keisuke and Hayashi, Masahito},
  journal = {Phys. Rev. A},
  volume = {96},
  issue = {3},
  pages = {030301},
  numpages = {6},
  year = {2017},
  month = {Sep},
  publisher = {American Physical Society},
  doi = {10.1103/PhysRevA.96.030301},
  url = {https://link.aps.org/doi/10.1103/PhysRevA.96.030301}
}

@article{cit:preskill,
  doi = {10.22331/q-2018-08-06-79},
  url = {https://doi.org/10.22331/q-2018-08-06-79},
  title = {Quantum {C}omputing in the {NISQ} era and beyond},
  author = {Preskill, John},
  journal = {{Quantum}},
  issn = {2521-327X},
  publisher = {{Verein zur F{\"{o}}rderung des Open Access Publizierens in den Quantenwissenschaften}},
  volume = {2},
  pages = {79},
  month = aug,
  year = {2018}
}

@ARTICLE{cit:amaral,
       author = {{Amaral}, Barbara},
        title = "{Resource Theory of Contextuality}",
      journal = {arXiv e-prints},
     keywords = {Quantum Physics, Mathematical Physics},
         year = "2019",
        month = "Apr",
          eid = {arXiv:1904.04182},
        pages = {arXiv:1904.04182},
archivePrefix = {arXiv},
       eprint = {1904.04182}
}

@article{cit:nest2,
  title = {Classical simulation versus universality in measurement-based quantum computation},
  author = {Van den Nest, M. and D\"ur, W. and Vidal, G. and Briegel, H. J.},
  journal = {Phys. Rev. A},
  volume = {75},
  issue = {1},
  pages = {012337},
  numpages = {15},
  year = {2007},
  month = {Jan},
  publisher = {American Physical Society},
  doi = {10.1103/PhysRevA.75.012337},
  url = {https://link.aps.org/doi/10.1103/PhysRevA.75.012337}
}

@article{cit:brandao,
  title = {Reversible Framework for Quantum Resource Theories},
  author = {Brand\~ao{ }, Fernando G. S. L. and Gour, Gilad},
  journal = {Phys. Rev. Lett.},
  volume = {115},
  issue = {7},
  pages = {070503},
  numpages = {5},
  year = {2015},
  month = {Aug},
  publisher = {American Physical Society},
  doi = {10.1103/PhysRevLett.115.070503},
  url = {https://link.aps.org/doi/10.1103/PhysRevLett.115.070503}
}

@ARTICLE{cit:horodecki,
       author = {{Horodecki{ }}, Michal and {Oppenheim}, Jonathan},
        title = "{(quantumness in the Context Of) Resource Theories}",
      journal = {International Journal of Modern Physics B},
     keywords = {Resource theories, entanglement, thermodynamics, noisy operations, discord, deficit, Quantum Physics},
         year = "2013",
        month = "Jan",
       volume = {27},
          eid = {1345019},
        pages = {1345019},
          doi = {10.1142/S0217979213450197}
}

@ARTICLE{cit:sparaciari,
       author = {{Sparaciari}, Carlo and {del Rio}, Lidia and {Scandolo}, Carlo Maria and
         {Faist}, Philippe and {Oppenheim}, Jonathan},
        title = "{The first law of general quantum resource theories}",
      journal = {arXiv e-prints},
     keywords = {Quantum Physics},
         year = "2018",
        month = "Jun",
          eid = {arXiv:1806.04937},
        pages = {arXiv:1806.04937}
}

@article{cit:regula,
	doi = {10.1088/1751-8121/aa9100},
	url = {https://doi.org/10.1088/1751-8121/aa9100},
	year = 2017,
	month = {dec},
	publisher = {{IOP} Publishing},
	volume = {51},
	number = {4},
	pages = {045303},
	author = {Bartosz Regula},
	title = {Convex geometry of quantum resource quantification},
	journal = {Journal of Physics A: Mathematical and Theoretical}
}

@article{cit:kibler,
	doi = {10.1088/1751-8113/41/37/375302},
	url = {https://doi.org/10.1088/1751-8113/41/37/375302},
	year = 2008,
	month = {aug},
	publisher = {{IOP} Publishing},
	volume = {41},
	number = {37},
	pages = {375302},
	author = {Maurice R Kibler},
	title = {Variations on a theme of Heisenberg, Pauli and Weyl},
	journal = {Journal of Physics A: Mathematical and Theoretical}
}

@ARTICLE{cit:horodecki2,
  author = {{Horodecki{ }}, Michal and {Oppenheim}, Jonathan},
  title = "Fundamental limitations for quantum and nanoscale thermodynamics",
  journal = {Nature Communications},
  year = "2013",
  month = "Jun",
  volume = {4},
  publisher = {American Physical Society},
  doi = {10.1038/ncomms3059},
  url = {https://www.nature.com/articles/ncomms3059#supplementary-information}
}

@article{cit:gour,
  title = {Quantum majorization and a complete set of entropic conditions for quantum thermodynamics},
  author = {Gour, Gilad and Jennings, David and Buscemi, Francesco and Duan, Runyao and Marvian, Iman},
  journal = {Nature Communications},
  volume = {5352},
  issue = {9},
  year = {2018},
  month = {Dec},
  publisher = {Nature},
  doi = {10.1038/s41467-018-06261-7},
  url = {https://doi.org/10.1038/s41467-018-06261-7}
}

@Article{cit:lenard,
author="Lenard, A.",
title="Thermodynamical proof of the Gibbs formula for elementary quantum systems",
journal="Journal of Statistical Physics",
year="1978",
month="Dec",
day="01",
volume="19",
number="6",
pages="575--586",
abstract="An elementary derivation is given of the formula for the thermal equilibrium states of quantum systems that can be described in finite-dimensional Hilbert spaces. The three assumptions made, Passivity, Structural Stability, and Consistency, have phenomenological interpretations. Except at zero temperature, Structural Stability follows already from Passivity and a weak form of Consistency.",
issn="1572-9613",
doi="10.1007/BF01011769",
url="https://doi.org/10.1007/BF01011769"
}



@article{cit:gour2,
  title = {The resource theory of informational nonequilibrium in thermodynamics},
  author = {Gour, Gilad and M{\"u}ller, Markus P. and Narasimhachar, Varun and Spekkens, Robert W. and Yunger Halpern, Nicole},
  journal = {Physics Reports},
  volume = {583},
  year = {2015},
  month = {Apr},
  doi = {0.1016/j.physrep.2015.04.003},
  url = {https://doi.org/10.1016/j.physrep.2015.04.003}
}

@ARTICLE{cit:lostaglio,
       author = {{Lostaglio}, Matteo},
        title = "{Thermodynamic laws for populations and quantum coherence: A self-contained introduction to the resource theory approach to thermodynamics}",
      journal = {arXiv e-prints},
     keywords = {Quantum Physics},
         year = "2018",
        month = "Jul",
          eid = {arXiv:1807.11549}
}

@article{cit:mari,
  title = {Positive Wigner Functions Render Classical Simulation of Quantum Computation Efficient},
  author = {Mari{ }, A. and Eisert, J.},
  journal = {Phys. Rev. Lett.},
  volume = {109},
  issue = {23},
  pages = {230503},
  numpages = {5},
  year = {2012},
  month = {Dec},
  publisher = {American Physical Society},
  doi = {10.1103/PhysRevLett.109.230503},
  url = {https://link.aps.org/doi/10.1103/PhysRevLett.109.230503}
}

@BOOK{cit:nielsen,
   title = {Quantum Computation and Quantum Information},
   author = {Michael A. Nielsen{ } and Isaac L. Chuang},
   year = {2010},
   publisher = {Cambridge University Press},
   address = {United Kingdom}
}

@BOOK{cit:marshall,
  title = {Inequalities: Theory of Majorization and Its Applications},
  author = {Marshall, Albert W. and Olkin, Ingram and Arnold, Barry C.},
  year = {2011},
  publisher = {Springer}
}

@article{cit:lostaglio2,
  title = {Description of quantum coherence in thermodynamic processes requires constraints beyond free energy},
  author = {Lostaglio, Matteo and Jennings, David and Rudolph, Terry},
  journal = {Nature Communications},
  volume = {6},
  year = {2015},
  month = {Mar},
  doi = {10.1038/ncomms7383},
  url = {https://doi.org/10.1038/ncomms7383}
}

@Article{cit:janzing,
author="Janzing, D.
and Wocjan, P.
and Zeier, R.
and Geiss, R.
and Beth, Th.",
title="Thermodynamic Cost of Reliability and Low Temperatures: Tightening Landauer's Principle and the Second Law",
journal="International Journal of Theoretical Physics",
year="2000",
month="Dec",
day="01",
volume="39",
number="12",
pages="2717--2753",
doi="10.1023/A:1026422630734",
url="https://doi.org/10.1023/A:1026422630734"
}

@article{cit:brandao2,
  title = {Resource Theory of Quantum States Out of Thermal Equilibrium},
  author = {Brand\~ao, Fernando G. S. L. and Horodecki, Micha\l{} and Oppenheim, Jonathan and Renes, Joseph M. and Spekkens, Robert W.},
  journal = {Phys. Rev. Lett.},
  volume = {111},
  issue = {25},
  pages = {250404},
  numpages = {5},
  year = {2013},
  month = {Dec},
  publisher = {American Physical Society},
  doi = {10.1103/PhysRevLett.111.250404},
  url = {https://link.aps.org/doi/10.1103/PhysRevLett.111.250404}
}

@article{cit:howard2,
  title = {Contextuality supplies the ‘magic’ for quantum computation},
  author = {Howard, Mark and Wallman, Joel and Veitch, Victor and Emerson, Joseph},
  journal = {Nature},
  volume = {510},
  issue = {7505},
  year = {2014},
  month = {Jun},
  publisher = {Nature Publishing Group},
  doi = {10.1038/nature13460},
  url = {https://doi.org/10.1038/nature13460}
}

@article{cit:veitch2,
	doi = {10.1088/1367-2630/16/1/013009},
	url = {https://doi.org/10.1088/F1367-2630/16/1/013009},
	year = 2014,
	month = {jan},
	publisher = {{IOP} Publishing},
	volume = {16},
	number = {1},
	pages = {013009},
	author = {Victor Veitch and S A Hamed Mousavian and Daniel Gottesman and Joseph Emerson},
	title = {The resource theory of stabilizer quantum computation},
	journal = {New Journal of Physics}
}

@article{cit:gross3,
author = {Gross,D. },
title = {Hudson’s theorem for finite-dimensional quantum systems},
journal = {Journal of Mathematical Physics},
volume = {47},
number = {12},
pages = {122107},
year = {2006},
doi = {10.1063/1.2393152}
}

@article{cit:gross4,
author="Gross, D.",
title="Non-negative Wigner functions in prime dimensions",
journal="Applied Physics B",
year="2007",
month="Feb",
day="01",
volume="86",
number="3",
pages="367--370"
}

@incollection{cit:gottesman2,
title = "Quantum Error Correction and Fault Tolerance",
editor = "Jean-Pierre Françoise and Gregory L. Naber and Tsou Sheung Tsun",
booktitle = "Encyclopedia of Mathematical Physics",
publisher = "Academic Press",
address = "Oxford",
pages = "196 - 201",
year = "2006",
isbn = "978-0-12-512666-3",
doi = "https://doi.org/10.1016/B0-12-512666-2/00273-X",
url = "http://www.sciencedirect.com/science/article/pii/B012512666200273X",
author = "D. Gottesman"
}

@book{cit:bengtsson,
place={Cambridge}, 
title={Geometry of Quantum States: An Introduction to Quantum Entanglement}, 
doi={10.1017/CBO9780511535048}, 
publisher={Cambridge University Press}, 
author={Bengtsson, Ingemar and Zyczkowski, Karol}, 
year={2006}
}

@article{cit:veitch,
	doi = {10.1088/1367-2630/14/11/113011},
	url = {https://doi.org/10.1088/1367-2630/14/11/113011},
	year = 2012,
	month = {nov},
	publisher = {{IOP} Publishing},
	volume = {14},
	number = {11},
	pages = {113011},
	author = {Victor Veitch and Christopher Ferrie and David Gross and Joseph Emerson},
	title = {Negative quasi-probability as a resource for quantum computation},
	journal = {New Journal of Physics}
}

@article{cit:bravyi,
  title = {Universal quantum computation with ideal Clifford gates and noisy ancillas},
  author = {Bravyi{ }, Sergey and Kitaev, Alexei},
  journal = {Phys. Rev. A},
  volume = {71},
  issue = {2},
  pages = {022316},
  numpages = {14},
  year = {2005},
  month = {Feb},
  publisher = {American Physical Society},
  doi = {10.1103/PhysRevA.71.022316},
  url = {https://link.aps.org/doi/10.1103/PhysRevA.71.022316}
}

@article{cit:markov,
 author = {Markov{ }, Igor L. and Shi, Yaoyun},
 title = {Simulating Quantum Computation by Contracting Tensor Networks},
 journal = {SIAM J. Comput.},
 issue_date = {June 2008},
 volume = {38},
 number = {3},
 month = jun,
 year = {2008},
 issn = {0097-5397},
 pages = {963--981},
 numpages = {19},
 url = {http://dx.doi.org/10.1137/050644756},
 doi = {10.1137/050644756},
 acmid = {1405105},
 publisher = {Society for Industrial and Applied Mathematics},
 address = {Philadelphia, PA, USA},
 keywords = {classical simulation, computational complexity, one-way quantum computation, quantum computation, tensor network, treewidth},
}

@ARTICLE{cit:wang,
       author = {{Wang}, Xin and {Wilde}, Mark M. and {Su}, Yuan},
        title = "{Quantifying the magic of quantum channels}",
      journal = {arXiv e-prints},
         year = "2019",
        month = "Mar",
          eid = {arXiv:1903.04483},
        pages = {arXiv:1903.04483},
archivePrefix = {arXiv},
       eprint = {1903.04483}
}

@ARTICLE{cit:wang2,
       author = {{Wang}, Xin and {Wilde}, Mark M. and {Su}, Yuan},
        title = "{Efficiently computable bounds for magic state distillation}",
      journal = {arXiv e-prints},
         year = "2018",
        month = "Dec",
          eid = {arXiv:1812.10145},
        pages = {arXiv:1812.10145},
archivePrefix = {arXiv},
       eprint = {1812.10145},
 primaryClass = {quant-ph}
}

@article{cit:vidal,
  title = {Classical Simulation of Infinite-Size Quantum Lattice Systems in One Spatial Dimension},
  author = {Vidal, G.},
  journal = {Phys. Rev. Lett.},
  volume = {98},
  issue = {7},
  pages = {070201},
  numpages = {4},
  year = {2007},
  month = {Feb},
  publisher = {American Physical Society},
  doi = {10.1103/PhysRevLett.98.070201},
  url = {https://link.aps.org/doi/10.1103/PhysRevLett.98.070201}
}

@PHDTHESIS{cit:gottesman,
       author = {{Gottesman}, Daniel},
        title = "{Stabilizer codes and quantum error correction}",
     keywords = {quantum error-correcting codes, Quantum Physics},
       school = {California Institute of Technology},
         year = "1997",
        month = "Jan"
}

@article{cit:mirsky,
author = {Mirsky, Leon},
title = {On the Trace of Matrix Products},
journal = {Mathematische Nachrichten},
volume = {20},
number = {3‐6},
pages = {171-174},
doi = {10.1002/mana.19590200306},
url = {https://onlinelibrary.wiley.com/doi/abs/10.1002/mana.19590200306},
year = {1959}
}

@article{cit:hakop,
  title = {Estimating Outcome Probabilities of Quantum Circuits Using Quasiprobabilities},
  author = {Pashayan, Hakop and Wallman, Joel J. and Bartlett, Stephen D.},
  journal = {Phys. Rev. Lett.},
  volume = {115},
  issue = {7},
  pages = {070501},
  numpages = {5},
  year = {2015},
  month = {Aug},
  publisher = {American Physical Society},
  doi = {10.1103/PhysRevLett.115.070501},
  url = {https://link.aps.org/doi/10.1103/PhysRevLett.115.070501}
}

@article{cit:bravyi2,
  title = {Trading Classical and Quantum Computational Resources},
  author = {Bravyi, Sergey and Smith, Graeme and Smolin, John A.},
  journal = {Phys. Rev. X},
  volume = {6},
  issue = {2},
  pages = {021043},
  numpages = {14},
  year = {2016},
  month = {Jun},
  publisher = {American Physical Society},
  doi = {10.1103/PhysRevX.6.021043},
  url = {https://link.aps.org/doi/10.1103/PhysRevX.6.021043}
}

@article{cit:campbell,
  title = {Bound States for Magic State Distillation in Fault-Tolerant Quantum Computation},
  author = {Campbell{ }, Earl T. and Browne, Dan E.},
  journal = {Phys. Rev. Lett.},
  volume = {104},
  issue = {3},
  pages = {030503},
  numpages = {4},
  year = {2010},
  month = {Jan},
  publisher = {American Physical Society},
  doi = {10.1103/PhysRevLett.104.030503},
  url = {https://link.aps.org/doi/10.1103/PhysRevLett.104.030503}
}

@article{cit:howard,
  title = {Application of a Resource Theory for Magic States to Fault-Tolerant Quantum Computing},
  author = {Howard{ }, Mark and Campbell, Earl},
  journal = {Phys. Rev. Lett.},
  volume = {118},
  issue = {9},
  pages = {090501},
  numpages = {6},
  year = {2017},
  month = {Mar},
  publisher = {American Physical Society},
  doi = {10.1103/PhysRevLett.118.090501},
  url = {https://link.aps.org/doi/10.1103/PhysRevLett.118.090501}
}

@article{cit:bennett,
  title = {Exact and asymptotic measures of multipartite pure-state entanglement},
  author = {Bennett, Charles H. and Popescu, Sandu and Rohrlich, Daniel and Smolin, John A. and Thapliyal, Ashish V.},
  journal = {Phys. Rev. A},
  volume = {63},
  issue = {1},
  pages = {012307},
  numpages = {12},
  year = {2000},
  month = {Dec},
  publisher = {American Physical Society},
  doi = {10.1103/PhysRevA.63.012307},
  url = {https://link.aps.org/doi/10.1103/PhysRevA.63.012307}
}

@article{cit:linden,
issn = {0015-8208},
journal = {Fortschritte der Physik.},
pages = {567--578},
volume = {46},
publisher = {Wiley-VCH Verlag & Co KGaA},
number = {4‐5},
year = {1998},
title = {On Multi-Particle Entanglement},
address = {[Berlin] :},
author = {Linden, N and Popescu, S},
}

@article{cit:devicente,
  title = {Complete Set of Operational Measures for the Characterization of Three-Qubit Entanglement},
  author = {de Vicente, J. I. and Carle, T. and Streitberger, C. and Kraus, B.},
  journal = {Phys. Rev. Lett.},
  volume = {108},
  issue = {6},
  pages = {060501},
  numpages = {5},
  year = {2012},
  month = {Feb},
  publisher = {American Physical Society},
  doi = {10.1103/PhysRevLett.108.060501},
  url = {https://link.aps.org/doi/10.1103/PhysRevLett.108.060501}
}

@article{cit:bai,
  title = {Detecting a set of entanglement measures in an unknown tripartite quantum state by local operations and classical communication},
  author = {Bai, Yan Kui and Li, Shu Shen and Zheng, Hou Zhi and Wang, Z. D.},
  journal = {Phys. Rev. A},
  volume = {74},
  issue = {2},
  pages = {022305},
  numpages = {8},
  year = {2006},
  month = {Aug},
  publisher = {American Physical Society},
  doi = {10.1103/PhysRevA.74.022305},
  url = {https://link.aps.org/doi/10.1103/PhysRevA.74.022305}
}

@article{cit:cwiklinski,
  title = {Limitations on the Evolution of Quantum Coherences: Towards Fully Quantum Second Laws of Thermodynamics},
  author = {\ifmmode \acute{C}\else \'{C}\fi{}wikli\ifmmode \acute{n}\else \'{n}\fi{}ski, Piotr and Studzi\ifmmode \acute{n}\else \'{n}\fi{}ski, Micha\l{} and Horodecki, Micha\l{} and Oppenheim, Jonathan},
  journal = {Phys. Rev. Lett.},
  volume = {115},
  issue = {21},
  pages = {210403},
  numpages = {5},
  year = {2015},
  month = {Nov},
  publisher = {American Physical Society},
  doi = {10.1103/PhysRevLett.115.210403},
  url = {https://link.aps.org/doi/10.1103/PhysRevLett.115.210403}
}

@article{cit:horodecki3,
  title = {Quantum entanglement},
  author = {Horodecki, Ryszard and Horodecki, Pawe\l{} and Horodecki, Micha\l{} and Horodecki, Karol},
  journal = {Rev. Mod. Phys.},
  volume = {81},
  issue = {2},
  pages = {865--942},
  numpages = {0},
  year = {2009},
  month = {Jun},
  publisher = {American Physical Society},
  doi = {10.1103/RevModPhys.81.865},
  url = {https://link.aps.org/doi/10.1103/RevModPhys.81.865}
}

@article{cit:daniell,
  title = {Experimental test of quantum nonlocality in three-photon Greenberger–Horne–Zeilinger entanglement},
  author = {Daniell, Matthew and Weinfurter, Harald and Zeilinger, Anton},
  journal = {Nature},
  volume = {403},
  issue = {6769},
  year = {2000},
  month = {Feb},
  publisher = {Nature},
  doi = {10.1038/35000514},
  url = {https://doi.org/10.1038/35000514}
}

@article{cit:freedman,
  title = {Experimental Test of Local Hidden-Variable Theories},
  author = {Freedman, Stuart J. and Clauser, John F.},
  journal = {Phys. Rev. Lett.},
  volume = {28},
  issue = {14},
  pages = {938--941},
  numpages = {0},
  year = {1972},
  month = {Apr},
  publisher = {American Physical Society},
  doi = {10.1103/PhysRevLett.28.938},
  url = {https://link.aps.org/doi/10.1103/PhysRevLett.28.938}
}


@article{cit:winter,
  title = {Operational Resource Theory of Coherence},
  author = {Winter, Andreas and Yang, Dong},
  journal = {Phys. Rev. Lett.},
  volume = {116},
  issue = {12},
  pages = {120404},
  numpages = {6},
  year = {2016},
  month = {Mar},
  publisher = {American Physical Society},
  doi = {10.1103/PhysRevLett.116.120404},
  url = {https://link.aps.org/doi/10.1103/PhysRevLett.116.120404}
}

@article{cit:streltsov,
  title = {Colloquium: Quantum coherence as a resource},
  author = {Streltsov, Alexander and Adesso, Gerardo and Plenio, Martin B.},
  journal = {Rev. Mod. Phys.},
  volume = {89},
  issue = {4},
  pages = {041003},
  numpages = {34},
  year = {2017},
  month = {Oct},
  publisher = {American Physical Society},
  doi = {10.1103/RevModPhys.89.041003},
  url = {https://link.aps.org/doi/10.1103/RevModPhys.89.041003}
}

@article{cit:lee,
  title = {Quantum teleportation and Bell's inequality using single-particle entanglement},
  author = {Lee, Hai-Woong and Kim, Jaewan},
  journal = {Phys. Rev. A},
  volume = {63},
  issue = {1},
  pages = {012305},
  numpages = {5},
  year = {2000},
  month = {Dec},
  publisher = {American Physical Society},
  doi = {10.1103/PhysRevA.63.012305},
  url = {https://link.aps.org/doi/10.1103/PhysRevA.63.012305}
}

@article{cit:ahmadi,
  title = {Quantification and manipulation of magic states},
  author = {Ahmadi, Mehdi and Dang, Hoan Bui and Gour, Gilad and Sanders, Barry C.},
  journal = {Phys. Rev. A},
  volume = {97},
  issue = {6},
  pages = {062332},
  numpages = {8},
  year = {2018},
  month = {Jun},
  publisher = {American Physical Society},
  doi = {10.1103/PhysRevA.97.062332},
  url = {https://link.aps.org/doi/10.1103/PhysRevA.97.062332}
}

@article{cit:seddon,
author = {Seddon, James R.  and Campbell, Earl T. },
title = {Quantifying magic for multi-qubit operations},
journal = {Proceedings of the Royal Society A: Mathematical, Physical and Engineering Sciences},
volume = {475},
number = {2227},
pages = {20190251},
year = {2019},
doi = {10.1098/rspa.2019.0251},
URL = {https://royalsocietypublishing.org/doi/abs/10.1098/rspa.2019.0251}
}